2638 3600
277 403 380 430 Datum
396 395 579 430 Avenione.

316 611 352 638 17
367 613 429 646 sept
445 609 534 637 1317.

321 656 371 690 (xv
386 654 445 682 kal.
460 654 530 686 oct.)

345 700 376 727 T.
393 700 426 733 X,
442 699 502 726 XII.

384 769 421 797 Ut
437 778 460 797 s.

333 814 364 841 Τ.
379 814 426 848 XI,
441 814 512 841 Xlll.

382 983 418 1010 Ut
435 991 459 1010 s.

331 1027 363 1055 T.
379 1028 425 1060 xl,
440 1027 513 1054 XIII.

381 1143 418 1171 Ut
437 1151 459 1170 s.

340 1189 371 1215 T.
390 1189 423 1222 x,
441 1187 500 1214 xu.

355 1889 410 1924 ‚Ut
425 1898 449 1917 S.

375 1997 410 2024 Ut
425 2005 448 2024 s.

351 2040 383 2067 T.
400 2040 471 2068 XVI.

292 2103 330 2130 48
349 2107 419 2138 sept.
443 2103 532 2132 1317.

297 2147 360 2183 (x1v
380 2147 438 2174 kal.
456 2149 526 2185 oct.)

336 2192 365 2218 T.
387 2192 483 2220 XXIV.

368 2529 403 2556 Ul
425 2537 447 2556 s.

344 2575 374 2601 T.
390 2575 471 2602 XXX.

369 2636 403 2663 Ut
419 2645 443 2663 s.

343 2680 375 2707 T.
392 2680 471 2707 XXX.

367 2742 404 2770 Ut
424 2751 448 2770 s.

331 2787 362 2814 T.
382 2787 475 2815 XXVI.

369 2903 404 2930 Ut
421 2911 445 2930 s.

312 2947 343 2973 T.
358 2947 417 2980 XII,
432 2947 501 2975 XIV.

653 309 828 341 JOANNIS
851 310 970 341 PAPAE
993 310 1095 340 XXII.
1119 311 1369 348 (1316-1334).
1392 329 1429 333 —
1452 310 1639 341 LITTERAE
1661 310 1887 342 COMMUNES
2256 316 2273 345 7

671 502 824 534 Bartholi
841 502 1027 534 Bononien.
1046 510 1084 532 ac
1101 509 1189 541 mag.
1207 502 1309 532 Petro
1323 501 1363 532 de
1378 509 1406 531 s.
1424 501 1537 537 Petro,
1553 500 1712 531 Fesulan.
1729 509 1801 531 can.
1818 501 1898 532 eccl.
1918 501 1968 539 (A.
1983 503 2014 536 8,
2030 503 2052 534 t'.
2069 505 2106 534 31
2117 503 2148 540 1³3
2172 504 2204 534 V.
2219 507 2269 537 67.

671 564 688 587 e
718 558 804 595 ‚75.)

692 565 827 638 p5571.
846 627 884 632 -
901 609 1038 639 Antonio
1063 608 1100 639 de
1127 608 1256 649 Rodiqio
1277 608 1350 638 ead.
1373 607 1482 647 gratia
1502 608 1537 638 in
1555 607 1635 638 eccl.
1655 608 1886 639 Ravennaten.
1904 625 1941 631 ——
1957 609 1985 639 Ι.
2006 619 2034 640 e.
2052 619 2096 641 m.
2115 612 2220 650 priori
2240 623 2267 651 s,

670 662 846 694 Michaelis
871 663 911 693 de
929 664 1048 696 Bosco.
1072 664 1105 693 et
1128 661 1273 701 archipr.
1297 661 1472 701 jamdicto,
1500 669 1537 691 ac
1555 660 1701 700 Rogerio
1722 661 1841 698 Gatiae.
1859 670 1930 692 can.
1957 663 2142 696 Placentin.
2167 666 2218 703 (A.
2236 668 2266 701 8,

670 715 694 747 f.
711 715 793 753 32b;
817 715 849 747 V.
866 718 917 753 67,
933 724 984 754 ep.
999 715 1064 755 76.)

714 766 824 799 5579..
851 786 889 792 —-
917 769 1045 800 Roberto
1069 768 1106 799 de
1130 768 1296 808 Maqnano,
1321 768 1402 799 cler.
1420 767 1649 806 Neapolitan..
1667 768 1755 798 conf.
1774 769 1883 808 gratia
1895 777 1991 808 exsp.
2014 770 2123 801 benef.
2144 773 2174 809 (6
2192 781 2267 804 unc.

669 823 757 860 auri)
775 823 811 854 in
829 823 922 854 civit.
937 823 990 854 vel
1007 823 1053 853 di.
1073 822 1208 857 Nolan„
1226 822 1269 852 ad
1282 821 1393 852 collat.
1409 821 1476 860 ep.i
1492 821 1614 860 pertin.
1642 839 1680 843 —
1694 821 1720 852 Ι.
1739 830 1767 852 e.
1787 831 1832 853 m.
1849 822 1924 852 abb.
1942 826 2087 855 monast.
2105 833 2132 855 s.
2147 825 2264 857 Sebas-

667 876 754 907 tiani
768 876 996 916 Neapolitan,
1013 879 1045 906 et
1062 876 1204 907 Mathaeo
1215 875 1424 912 Filimarino,
1443 875 1672 914 Neapolitan.,
1689 884 1727 905 ac
1741 875 1892 907 Gerardo
1907 876 1948 907 de
1959 876 2054 914 Lalo,
2071 878 2264 910 Claromon-

668 931 736 961 ten.
756 938 827 961 can.
843 929 923 961 eccl.
946 929 997 967 (A.
1015 930 1045 965 8,
1066 929 1089 959 f.
1107 928 1185 964 641‘3
1211 927 1245 958 V.
1263 930 1314 965 67,
1332 936 1385 967 ep.
1402 930 1466 965 84.)

712 980 824 1012 5573.
844 1000 881 1006 —
900 983 1028 1020 dommi,
1048 986 1120 1012 nato
1134 982 1280 1023 Symonz's
1302 981 1406 1011 Vastin
1419 981 1457 1012 de
1472 981 1603 1018 casleto,
1618 990 1711 1021 prov.
1731 991 1848 1027 canon.
1866 983 1929 1013 sub
1947 991 2044 1023 exsp.
2066 985 2168 1023 praeb.
2186 987 2266 1017 eccl.

666 1037 826 1067 Leodien.
846 1054 882 1060 —
899 1037 926 1067 I.
945 1045 973 1067 e.
992 1045 1036 1066 m.
1055 1035 1181 1066 decano
1199 1044 1225 1067 s,
1249 1035 1347 1065 Pauli
1363 1035 1538 1070 Leodien..
1557 1036 1590 1066 et
1608 1035 1855 1067 Bartholomaeo
1870 1036 1911 1067 de
1927 1037 2057 1075 Canali,
2080 1047 2183 1078 praep.
2200 1040 2269 1071 Ma—

667 1090 813 1130 guntin.‚
831 1098 869 1121 ac
884 1090 1013 1121 cantori
1030 1089 1064 1120 S.
1085 1089 1128 1120 M.
1145 1089 1400 1124 Teutemoden.‚
1417 1088 1632 1119 Cameracen.
1653 1088 1698 1119 di.
1717 1088 1769 1128 (A.
1785 1089 1815 1126 8,
1830 1088 1852 1120 f.
1869 1091 1928 1121 158
1943 1095 1971 1126 ὃς
1992 1091 2027 1121 V.
2046 1093 2097 1128 67,
2111 1101 2164 1132 ep.
2182 1094 2266 1132 150.)

711 1139 822 1171 55⁷4.
841 1159 878 1164 —
895 1142 1012 1173 Joanm'
1027 1141 1064 1172 de
1081 1141 1249 1172 Eschalen.
1268 1141 1356 1173 conf.
1376 1149 1493 1172 canon.
1512 1141 1593 1173 eccl.
1613 1150 1639 1172 s.
1657 1142 1745 1173 Justi
1762 1142 1975 1182 Lugdunen.,
1993 1145 2265 1184 supplicantibus

666 1196 839 1227 canonicis
856 1195 1024 1235 praedictae
1039 1195 1119 1226 eccl.
1142 1195 1294 1234 exceptis
1313 1194 1445 1225 duobus
1465 1195 1500 1225 in
1516 1194 1638 1226 itinere
1653 1195 1853 1235 degentibus
1869 1198 1901 1227 et
1915 1205 1948 1227 n.
1965 1206 1997 1228 v.
2014 1198 2168 1230 Guidone
2186 1200 2263 1231 Dal—

665 1249 772 1289 phini,
792 1249 863 1280 d.ni
882 1248 1125 1280 Montisalbani
1133 1258 1142 1285 3
1155 1257 1222 1279 non
1239 1248 1326 1279 obst.
1344 1256 1465 1279 canon.
1480 1248 1515 1279 in
1531 1248 1652 1288 majori
1669 1251 1702 1279 et
1714 1257 1741 1280 s.
1753 1249 1847 1280 Petri
1864 1250 1904 1281 de
1919 1251 2032 1291 Burgo
2045 1252 2125 1283 eccl.
2138 1253 2264 1285 Valen-

665 1303 727 1334 tin.
744 1319 782 1326 -—
797 1303 823 1333 I.
838 1311 866 1334 e.
887 1311 932 1333 m.
945 1302 1051 1342 priori
1066 1310 1094 1332 s.
1107 1301 1201 1333 Petri
1215 1301 1250 1332 in
1265 1302 1389 1341 Burgo,
1409 1302 1442 1332 et
1457 1301 1584 1332 archid.
1602 1301 1788 1338 Valentin.,
1804 1311 1842 1334 ac
1858 1304 2044 1335 camerario
2061 1306 2261 1346 Lugdunen.

665 1356 744 1387 eccl.
763 1357 814 1394 (A.
835 1357 866 1393 8,
882 1356 906 1387 f.
926 1355 1022 1392 140123
1046 1354 1079 1386 V.
1095 1357 1146 1392 67,
1166 1364 1218 1395 ep.
1238 1356 1322 1394 159.)

709 1406 821 1438 5575.
843 1426 882 1432 -
907 1409 1068 1439 Francisco
1087 1407 1230 1440 Caritoso
1254 1408 1341 1440 conf.
1357 1417 1474 1439 canon.
1496 1408 1577 1439 eccl.
1596 1409 1824 1449 Neapolitan.‚
1846 1410 1881 1441 in
1899 1419 1965 1450 qua
1983 1414 2095 1443 certus
2111 1422 2183 1444 can.
2199 1423 2261 1446 nu-

664 1471 780 1494 merus
795 1464 828 1494 et
840 1462 944 1503 praeb.
962 1462 1136 1493 distinctio
1153 1470 1219 1493 non
1234 1461 1416 1499 habentur;
1429 1470 1496 1493 non
1507 1462 1594 1493 obst.
1607 1463 1698 1502 quod
1711 1471 1738 1494 s.
1751 1463 1890 1495 Martini
1904 1465 1946 1495 ad
1956 1465 2079 1497 Vlcum
2091 1466 2261 1499 inclusum

662 1517 890 1556 Neapolitan.‚
909 1517 942 1548 S.
963 1517 1007 1547 M.
1035 1516 1076 1547 de
1094 1516 1214 1556 Agello
1236 1516 1277 1546 de
1294 1515 1408 1547 Casali
1425 1515 1596 1555 Affrigolae
1612 1517 1645 1547 et
1663 1525 1689 1547 s.
1706 1516 1833 1548 Vitalis
1849 1517 1883 1548 in
1897 1518 2011 1550 Casali
2029 1520 2258 1561 Foriscriptae,

662 1570 876 1609 Neapolitan.
897 1570 955 1606 di„
972 1570 1053 1601 eccl.
1078 1578 1104 1600 s.
1123 1579 1151 1601 c.
1169 1569 1293 1600 modici
1311 1569 1439 1600 valoris
1460 1569 1621 1600 obtineat.
1638 1587 1676 1593 —-
1691 1571 1717 1601 Ι.
1736 1579 1763 1601 e.
1783 1580 1828 1601 m.
1848 1580 1874 1602 s.
1894 1572 2046 1604 Severini
2062 1574 2215 1614 Maj0ris‚
2231 1577 2262 1606 et

662 1623 695 1655 S.
712 1624 756 1655 M.
775 1623 816 1654 de
831 1623 970 1662 Capella
985 1623 1200 1663 Neapolitan.
1217 1625 1363 1654 monast.
1379 1622 1470 1657 abb„
1488 1631 1525 1653 ac
1541 1623 1677 1663 Ligorio
1694 1624 1734 1654 de
1748 1624 1862 1662 Sessa‚
1884 1634 1956 1657 can.
1975 1627 2140 1659 Aversan.
2160 1630 2210 1668 (A.
2229 1632 2259 1666 8,

661 1676 685 1707 f.
705 1678 802 1713 162³;
828 1676 860 1707 V.
874 1679 925 1714 67,
945 1686 997 1716 ep.
1018 1678 1101 1718 178.)

705 1727 816 1759 5576.
834 1749 874 1753 -
891 1730 978 1771 E'p.0
1002 1730 1180 1761 Atrebatem.
1208 1730 1308 1761 facul.
1335 1739 1427 1761 conc.
1454 1730 1695 1761 tabellionatus
1720 1732 1774 1762 off.
1804 1742 1813 1762 1
1837 1732 1917 1763 cler.
1946 1734 1987 1764 ab
2012 1737 2194 1775 Aymerico
2219 1739 2259 1771 de

660 1783 876 1821 Castrolucii,
896 1784 1022 1815 archid.
1046 1784 1335 1824 Transvigennen.
1354 1784 1388 1814 in
1409 1785 1489 1815 eccl.
1507 1785 1690 1820 Turonen„
1711 1786 1790 1816 P.P.
1808 1795 1893 1826 cap„
1912 1788 2129 1821 nominando.
2150 1792 2202 1830 (A.
2229 1794 2260 1828 8,

661 1838 683 1868 f.
700 1838 739 1868 98
756 1838 795 1875 ³.)

704 1888 814 1919 5577.
835 1909 872 1913 -
890 1890 1074 1930 lnyerando,
1102 1890 1260 1931 archiep.o
1285 1890 1443 1931 Capuan„
1466 1890 1567 1921 facul.
1589 1892 1792 1923 concedendi
1810 1893 2050 1926 tabellionatus
2071 1897 2126 1928 off.
2150 1908 2159 1927 1
2178 1900 2261 1931 cler.

659 1953 678 1975 a
696 1944 827 1975 Joanne
843 1945 883 1974 de
898 1945 1090 1978 Juvenatio‚
1105 1944 1316 1983 jurisperito,
1335 1945 1555 1975 nominando.
1576 1945 1627 1985 (A.
1647 1946 1676 1981 8,
1695 1946 1717 1975 f.
1734 1948 1774 1977 99
1791 1951 1804 1967 ἃ
1819 1948 1851 1978 et
1871 1949 1924 1979 151
1942 1948 1981 1983 ἃ.)

702 1994 812 2026 5578.
829 2015 868 2019 -
886 1997 1008 2032 (lberto,
1028 2007 1097 2037 ep.o
1114 1997 1299 2034 Bononien.,
1314 1997 1413 2028 facul.
1432 1999 1634 2028 concedendi
1652 1999 1892 2031 tabellionatus
1909 2002 1964 2032 off.
1982 2013 2005 2032 ιι
2021 2004 2100 2034 cler.
2113 2004 2256 2037 idoneis.

659 2052 710 2089 (A.
729 2052 759 2086 8,
781 2051 803 2081 f.
824 2052 882 2082 100
898 2053 937 2088 ³.)

701 2102 812 2133 5579.
836 2122 867 2127 —
885 2103 1015 2134 Falconi
1032 2104 1068 2135 de
1085 2104 1244 2141 Villareto,
1260 2104 1421 2145 hospitalis
1435 2115 1459 2135 s.
1478 2105 1608 2136 Joannis
1623 2105 1863 2137 Jerosolimitan.
1883 2118 1976 2149 ma9.‚
1996 2111 2108 2141 mand.
2128 2114 2164 2143 ut
2181 2113 2255 2144 abs-

657 2166 722 2197 que
738 2167 833 2188 mora
848 2159 955 2197 apost.
980 2157 1176 2197 conspectui
1189 2158 1413 2197 personaliter
1436 2167 1472 2189 se
1490 2161 1682 2198 praesentet,
1703 2161 1868 2192 rationem
1887 2163 2081 2195 redditurus
2099 2174 2202 2205 super
2219 2176 2257 2198 eo

657 2211 747 2250 quod
760 2212 881 2242 fratres
898 2220 993 2242 conv.
1006 2212 1087 2242 dicti
1102 2211 1294 2251 hospitalis,
1310 2214 1426 2242 contra
1441 2212 1554 2251 ipsum
1570 2214 1754 2252 provocati,
1772 2223 1808 2245 se
1826 2215 1867 2245 ab
1884 2216 2075 2248 obedientia
2091 2219 2260 2251 subduxe-

655 2266 743 2301 rant,
761 2267 805 2302 et,
823 2265 1010 2295 coadunata
1024 2267 1232 2296 armatorum
1251 2265 1398 2303 cohorte,
1423 2274 1442 2296 a
1461 2266 1557 2296 Rodo
1577 2267 1617 2297 ad
1634 2267 1791 2298 Castrum
1808 2268 1847 2299 de
1865 2269 1964 2300 Lindi
1983 2271 2163 2312 confugere
2179 2282 2256 2304 eum

656 2320 845 2358 coegerant,
861 2320 1009 2349 castrum
1029 2319 1139 2357 ipsum
1156 2318 1289 2350 fortiter
1308 2318 1515 2350 obsidentes.
1533 2319 1717 2351 Mittuntur
1734 2321 1870 2352 interim
1888 2324 2080 2356 Bernardus
2094 2326 2134 2357 de
2150 2326 2257 2358 More·
2276 2323 2278 2326 ’

656 2371 718 2407 sio,
735 2372 823 2402 decr.
841 2371 941 2406 doct..
957 2372 1049 2411 prior
1064 2380 1090 2402 s.
1109 2368 1276 2411 caprasii,
1292 2372 1330 2404 O.
1350 2372 1383 2403 S.
1400 2373 1451 2407 B..
1466 2373 1511 2403 di.
1531 2374 1734 2412 Ruthenen.,
1753 2377 1785 2406 et
1801 2384 1888 2415 mag.
1908 2378 2052 2409 Bosolus
2066 2379 2106 2410 de
2120 2380 2253 2417 Parma,

655 2433 727 2456 can.
748 2425 944 2461 Tornacen,
965 2425 1047 2455 P.P.
1067 2434 1153 2464 cap,
1173 2426 1215 2456 ad
1232 2427 1347 2465 partes
1367 2426 1446 2456 illas
1465 2429 1602 2466 propter
1620 2428 1665 2459 id.
1685 2429 1868 2468 negotium.
1887 2431 1939 2470 (A.
1958 2433 1989 2468 8,
2010 2432 2032 2462 f.
2051 2434 2090 2463 67
2105 2438 2135 2470 ³3
2155 2433 2187 2462 V.
2199 2436 2250 2470 67,

655 2487 707 2517 ep.
733 2478 796 2516 14.)
1404 2488 1407 2490 ·

699 2528 809 2560 5580.
831 2550 864 2555 -
888 2531 982 2562 Conv.
998 2531 1162 2572 hospitalis
1182 2532 1326 2572 praedicti
1348 2534 1462 2564 mand.
1487 2535 1523 2565 ut
1547 2535 1719 2573 praedictis
1741 2536 1871 2567 nuntiis
1891 2536 2049 2569 obediant
2069 2541 2100 2570 et
2119 2539 2251 2577 fratres,

654 2593 740 2624 quos
755 2585 821 2624 ipsi
840 2585 1010 2620 duxerint,
1030 2585 1072 2616 ad
1088 2585 1122 2616 S.
1141 2586 1183 2616 A.
1199 2594 1259 2625 pro
1275 2586 1364 2617 dicto
1383 2587 1518 2626 negotio
1534 2588 1681 2619 mittant.
1698 2589 1747 2628 (A.
1765 2590 1795 2626 8,
1816 2589 1838 2619 f.
1857 2591 1875 2620 8
1892 2590 1919 2626 b,-
1942 2590 1975 2620 V.
1992 2593 2042 2628 67,
2060 2601 2110 2631 ep.
2132 2593 2195 2631 15.)

698 2635 810 2667 5581,
828 2656 867 2660 -
885 2638 1061 2669 Ber-nardus
1076 2638 1112 2669 de
1132 2638 1260 2669 Moresio
1277 2643 1305 2669 et
1321 2639 1432 2670 Bosolo
1451 2640 1488 2670 de
1507 2640 1621 2670 Par-ma
1630 2641 1777 2681 jamdicti
1794 2643 1999 2682 deputantur
2017 2645 2126 2676 nuntii
2145 2646 2187 2676 ad
2202 2646 2254 2677 in—

654 2692 763 2722 sulam
782 2691 870 2722 Rodi
885 2694 1023 2731 propter
1039 2700 1142 2731 supra
1156 2694 1363 2724 enumerata.
1380 2694 1433 2733 (A.
1451 2695 1481 2729 8,
1500 2694 1521 2725 f.
1541 2696 1560 2725 9
1577 2694 1604 2731 b;
1626 2695 1660 2725 V.
1675 2697 1726 2730 67,
1750 2704 1802 2735 ep.
1823 2697 1886 2734 16.)

697 2741 810 2773 5582.
829 2763 865 2768 -
889 2744 943 2774 Fr.
962 2744 1108 2775 Maur-itio
1131 2744 1167 2775 de
1183 2745 1340 2786 Paqnaco,
1364 2755 1400 2777 se
1421 2747 1551 2786 gerenti
1572 2756 1632 2787 pro
1651 2757 1738 2788 mag.
1757 2749 1937 2788 hospitalis
1953 2751 2117 2790 praedicti,
2134 2753 2250 2783 mand.

653 2800 689 2829 ut
707 2799 749 2828 ad
763 2798 795 2829 S.
815 2798 855 2828 A.
873 2798 1019 2836 accedat,
1033 2798 1131 2838 eique
1148 2799 1342 2830 notificatur
1360 2800 1449 2839 quod
1468 2801 1622 2840 magistri
1639 2801 1787 2832 officium
1801 2803 1879 2833 P.P.
1898 2803 1936 2833 ad
1955 2812 2076 2835 manus
2095 2813 2175 2836 suas
2191 2815 2251 2846 po-

653 2852 721 2882 suit
741 2851 966 2882 exercendum
985 2860 1043 2891 per
1058 2851 1223 2883 vicarium
1240 2861 1259 2883 a
1273 2861 1309 2883 se
1327 2853 1569 2893 deputandum.
1587 2855 1642 2893 (A.
1660 2856 1690 2892 8,
1709 2855 1731 2885 f.
1752 2857 1785 2885 11
1805 2861 1833 2891 ³3
1860 2856 1895 2886 V.
1914 2858 1964 2893 67,
1983 2866 2034 2896 ep.
2054 2858 2117 2896 17.)

697 2901 806 2933 5583.
827 2922 864 2926 -
878 2903 1018 2934 Car-bono
1033 2904 1069 2935 de
1083 2904 1310 2946 Montelapone,
1324 2906 1461 2937 scolast.
1471 2907 1551 2937 eccl.
1564 2907 1725 2946 Ispalen„
1738 2909 1902 2948 indulget.
1916 2911 1962 2944 ut,
1977 2912 2142 2949 quamdiu
2156 2912 2251 2944 obse-

652 2958 743 2998 quiis
760 2958 799 2988 E.
817 2958 857 2988 R.
876 2957 1050 2995 institerit,
1071 2958 1201 2989 fructus
1217 2959 1369 2989 omnium
1381 2958 1493 2990 benef.
1506 2968 1644 2991 suorum
1661 2961 1788 3000 absque
1804 2962 1988 2993 residentia
2002 2963 2130 3004 integre
2144 2966 2248 3005 perci-

591 3035 595 3039 .
652 3020 730 3051 pere
747 3011 868 3042 valeat.
885 3027 922 3032 —
939 3011 965 3041 1.
983 3019 1011 3042 e.
1032 3020 1076 3042 m.
1095 3011 1170 3043 abb.
1195 3014 1339 3043 monast.
1360 3021 1386 3043 s.
1405 3013 1558 3043 Firmani
1575 3013 1615 3044 de
1630 3013 1788 3045 Porentis
1804 3014 1967 3053 Firman.,
1994 3018 2026 3047 et
2041 3026 2144 3058 praep.
2166 3020 2247 3052 eccl.
