2592 3562
389 329 449 373 2⁰⁰

419 416 522 444 Datum
542 410 726 445 Avenione.

430 679 443 705 ⁴
458 676 543 713 (kal.)
560 676 613 710 fut.
631 676 720 704 1313.

549 721 596 749 Gr.

536 994 571 1021 Ut
587 1002 609 1021 s.

476 1038 507 1065 T.
526 1038 598 1072 XIII,
616 1038 671 1065 XV.

532 1471 567 1499 Ut
588 1479 612 1499 s.

532 1684 567 1711 Ut
585 1691 608 1711 s,

473 1728 503 1756 T.
523 1728 595 1761 XIII,
612 1729 667 1755 XV.

531 2054 566 2082 Ut
581 2064 604 2082 s.

417 2098 463 2125 Gr.
480 2106 530 2132 pro
546 2106 621 2132 pers.
640 2100 717 2126 card.

525 2584 561 2612 Ut
578 2593 600 2611 s.

509 2629 539 2655 Τ.
561 2629 618 2655 XII.

527 2743 562 2770 Ut
578 2751 602 2770 s.

411 2786 456 2814 Gr.
478 2795 528 2821 pro
543 2795 620 2822 pers.
641 2789 721 2816 card.

528 2901 563 2929 Ut
578 2910 602 2928 s.

474 2945 505 2971 T.
522 2946 567 2979 xl,
588 2946 659 2974 XIII.

787 323 961 355 JOANNIS
985 322 1104 354 PAPAE
1125 321 1228 352 XXII.
1251 320 1498 361 (1316-1334).
1521 337 1559 342 -
1582 317 1768 348 LITTERAE
1791 316 2017 348 COMMUNES

813 514 849 545 01
863 514 993 554 capella
1006 513 1046 544 de
1059 513 1144 549 Ciet,
1161 521 1189 543 s.
1204 521 1245 546 0.,
1260 512 1469 543 Xanctonen.
1486 510 1531 541 di.
1548 527 1585 532 —
1599 509 1624 540 1.
1640 517 1669 540 e.
1687 517 1732 540 m.
1750 507 1827 539 abb.
1844 509 1989 539 monast.
2003 516 2031 539 s.
2046 507 2224 540 Saturnini
2240 509 2415 548 Tolosam,

815 567 848 598 et
865 575 967 606 praep.
992 566 1255 601 maromontem,
1283 573 1320 595 ac
1338 564 1464 595 archid.
1484 563 1525 594 de
1549 562 1806 601 Montepensato
1832 561 2010 592 caturcen.
2031 561 2112 593 eccl.
2131 561 2185 601 (A.
2209 563 2240 599 9,
2265 561 2289 593 f.
2307 563 2369 596 289
2384 563 2415 601 ¹³3

820 619 856 651 V.
874 621 925 655 68,
944 628 996 659 ep.
1018 619 1121 655 1367.)

860 669 970 701 7614.
988 690 1026 694 -
1043 671 1127 711 May.
1153 669 1332 710 Raymundo
1355 668 1526 709 Daqnasos‚
1543 667 1673 709 physico
1698 672 1726 697 el
1747 665 1849 706 famil.
1874 666 1983 708 Papae,
1999 666 2088 699 conf.
2114 667 2251 707 paroch.
2274 668 2357 700 eccl.
2373 669 2416 701 de

815 725 1090 761 Podionauterio,
1109 724 1350 755 carcassonen.
1370 723 1430 756 di.‚
1449 730 1508 761 per
1522 721 1760 752 dimissionem
1774 720 1874 759 juxta
1888 720 2023 751 constit.
2043 728 2146 760 super
2163 720 2288 761 plural.
2302 721 2414 754 benef.

815 787 834 809 a
851 777 977 810 Jacobo
999 778 1040 808 de
1065 776 1244 808 Casalibus
1272 776 1406 811 factam,
1433 783 1523 810 vac.;
1550 782 1615 804 non
1642 773 1730 804 obst.
1757 773 1848 813 quod
1869 773 1905 804 in
1932 773 2013 804 eccl.
2042 781 2070 804 s.
2096 773 2198 806 Pauli
2220 773 2416 807 Narbonen.

815 831 1070 871 praecentoriam
1089 831 1122 861 et
1137 837 1253 860 canon.
1273 829 1336 860 sub
1352 837 1447 868 exsp.
1467 827 1569 867 praeb.
1595 826 1746 858 obtineat
1752 835 1763 862 ;
1781 826 1916 866 paroch.
1935 828 2049 858 autem
2065 826 2146 858 eccl.
2165 835 2194 858 s.
2218 826 2313 859 Petri
2329 828 2419 860 Avo·

815 885 948 915 nionen.
966 883 1124 914 dimittat.
1141 901 1179 905 —
1195 882 1221 913 Ι.
1239 891 1269 913 0.
1282 891 1328 913 m.
1346 881 1422 912 abb.
1437 882 1579 911 monast.
1596 888 1624 910 s.
1641 879 1818 911 Saturnini
1833 879 2009 916 Tolosam,
2026 881 2060 911 et
2075 879 2202 913 archid.
2220 880 2414 920 cutm-cen..

816 946 853 968 ac
869 946 971 976 praep.
990 936 1190 967 Avinionen.
1209 935 1289 966 0001.
1308 935 1359 975 (Α.
1375 936 1406 971 9,
1431 934 1452 965 f.
1469 934 1529 965 390
1544 933 1574 970 ¹³3
1598 932 1631 962 V.
1648 934 1700 969 68,
1716 941 1768 972 ep.
1787 932 1895 972 1388.)

860 987 969 1018 7615.
988 1006 1026 1011 —
1043 988 1126 1029 May.
1146 987 1286 1028 Riqaudo
1308 987 1344 1018 de
1367 987 1504 1021 Asserio,
1527 986 1593 1016 ΡΡ.
1612 995 1696 1026 cap„
1715 986 1803 1017 conf.
1822 986 2003 1017 scolastria
2019 986 2102 1018 eccl.
2118 986 2339 1019 Aurelianen.
2355 995 2418 1028 per

815 1042 1050 1074 dimissionem
1074 1041 1213 1073 Roberti
1236 1041 1277 1071 de
1301 1041 1520 1080 Marigniaco,
1535 1039 1635 1079 juxta
1655 1038 1790 1070 constit.
1812 1047 1915 1078 super
1934 1038 2059 1079 plural.
2082 1038 2193 1071 benef.
2215 1039 2306 1080 apud
2320 1039 2356 1073 S.
2373 1041 2416 1073 Δ.

815 1105 903 1131 vac.;
919 1104 985 1126 non
1001 1094 1088 1126 obst.
1105 1094 1195 1134 quod
1212 1093 1307 1134 perp.
1324 1093 1444 1133 capell.
1466 1092 1546 1124 eccl.
1565 1101 1593 1123 s.
1621 1092 1784 1132 Stephani
1811 1092 1986 1130 Tolosam,
2008 1101 2036 1123 0.
2057 1101 2100 1131 0.,
2118 1094 2152 1124 01
2168 1092 2359 1133 prioratum
2374 1093 2417 1126 d·

816 1158 844 1179 s.
861 1148 1032 1185 Medardo,
1053 1157 1079 1178 s.
1099 1156 1141 1184 0.,
1160 1149 1193 1178 01
1209 1147 1359 1178 decimas
1376 1146 1447 1177 sive
1466 1146 1619 1177 redditus
1635 1145 1676 1176 de
1693 1144 1851 1177 Rovinha
1862 1153 1967 1185 prope
1983 1145 2174 1183 Limosum,
2189 1146 2368 1178 catut-oen.
2382 1147 2418 1179 et

815 1201 1007 1233 Narbonen.
1027 1201 1086 1237 di.‚
1105 1200 1188 1232 etin
1205 1200 1278 1231 ead.
1307 1199 1525 1231 Aurelianen.
1545 1200 1578 1229 et
1602 1198 1811 1230 Londonien.
1831 1207 1949 1230 canon.
1974 1200 2008 1230 et
2030 1198 2134 1238 praeb.
2154 1198 2317 1237 obtineat,
2331 1201 2367 1232 ot
2380 1199 2418 1232 in

815 1255 975 1294 praedicta
991 1254 1209 1285 Aurelianen.
1234 1254 1267 1284 et
1283 1254 1457 1293 Agennen.
1469 1252 1557 1284 eccl.
1573 1252 1678 1292 dign„
1694 1252 1749 1283 vel
1764 1253 1986 1292 personatum
2002 1260 2064 1284 seu
2079 1252 2149 1291 off„
2166 1261 2194 1284 0.
2212 1261 2240 1284 0.
2256 1252 2311 1284 vel
2328 1261 2356 1285 s.
2373 1261 2416 1291 c.‚

815 1309 1003 1347 exspectem
1031 1307 1185 1338 irritatur
1203 1308 1315 1338 autem
1340 1306 1449 1346 gratia
1473 1314 1568 1345 exsp.
1593 1305 1685 1346 dign.
1712 1305 1747 1336 in
1771 1303 1853 1337 eccl.
1878 1305 2098 1337 Aurelianen.
2121 1325 2160 1330 —
2180 1306 2208 1337 I.
2227 1314 2256 1338 e.
2274 1314 2321 1338 m.
2340 1313 2416 1346 ‹ip-0

817 1361 968 1397 Trecen.‚
997 1362 1029 1391 et
1055 1360 1181 1391 archid.
1212 1360 1434 1395 Londonien.,
1460 1368 1499 1390 ac
1523 1358 1659 1390 scolast.
1693 1358 1942 1399 petragoricen.
1972 1359 2024 1397 (Α.
2047 1361 2078 1396 9,
2106 1359 2130 1390 f.
2158 1360 2219 1391 295
2236 1364 2268 1396 ¹;
2302 1359 2340 1391 V.
2362 1360 2415 1397 oe.

817 1423 870 1453 ep.
892 1414 995 1453 1391.)

862 1464 970 1495 7616.
991 1485 1029 1489 -
1046 1466 1128 1506 May.
1155 1466 1315 1497 Guillelmo
1337 1466 1372 1496 de
1392 1465 1522 1502 Bruoeia,
1537 1465 1604 1496 ΡΡ.
1620 1465 1748 1506 physico
1772 1469 1801 1495 et
1825 1474 1908 1506 cap„
1932 1465 2053 1497 archid.
2076 1464 2148 1497 eccl.
2169 1465 2352 1503 Bononien„
2366 1465 2418 1497 in·

816 1520 941 1559 dulget.
960 1521 996 1550 ut
1012 1520 1139 1550 dictum
1166 1519 1358 1556 archidiac„
1383 1527 1484 1558 quem
1501 1518 1677 1550 dubitatur
1700 1527 1744 1550 an
1763 1527 1880 1549 curam
1896 1518 2017 1550 habeat
2034 1519 2238 1557 animarum,
2255 1527 2324 1551 una
2338 1527 2418 1551 cum

816 1573 996 1603 archidiac.
1012 1573 1052 1603 de
1070 1573 1255 1603 Banchesio
1272 1573 1307 1603 in
1323 1572 1403 1603 eccl.
1419 1572 1665 1608 Constantien.,
1682 1581 1710 1603 0.
1731 1581 1774 1609 0.,
1793 1574 1826 1604 01
1842 1572 1921 1603 aliis
1938 1571 2050 1603 benef.
2067 1572 2154 1610 suis,
2171 1581 2281 1612 usque
2298 1572 2342 1604 ad
2356 1571 2417 1604 bo-

815 1626 1020 1665 neplacitum
1036 1626 1068 1657 S.
1088 1627 1127 1657 A.
1144 1626 1236 1657 licite
1251 1626 1396 1656 retinere
1413 1625 1536 1656 valeat.
1555 1625 1609 1665 (A.
1629 1626 1678 1659 10,
1692 1625 1715 1655 f.
1735 1627 1753 1656 7
1771 1625 1800 1662 b3
1825 1625 1860 1656 V.
1876 1626 1928 1660 68,
1946 1634 1999 1665 ep.
2016 1625 2122 1665 1476.)

860 1677 968 1708 7617.
985 1696 1024 1700 -
1042 1678 1125 1718 May.
1145 1678 1290 1710 Gasberto
1305 1679 1339 1708 de
1351 1678 1505 1709 Salvitate
1518 1678 1632 1709 collat.
1646 1687 1765 1710 canon.
1779 1680 1813 1710 et
1829 1678 1930 1718 praeb.
1949 1679 2030 1710 0001.
2046 1678 2312 1719 petragoricen„
2329 1686 2416 1719 quos

815 1733 891 1770 post
905 1732 986 1762 obit.
1006 1732 1099 1762 Petri
1118 1732 1268 1768 Geraidi,
1289 1741 1342 1771 ap.
1360 1732 1394 1763 S.
1409 1733 1448 1762 A.
1466 1731 1628 1769 defuncti,
1648 1732 1741 1771 Papa
1757 1732 1858 1763 Petro
1872 1731 1912 1762 de
1927 1731 2092 1763 Salvitate
2107 1731 2296 1763 contulerat
2302 1741 2314 1768 ;
2328 1739 2418 1764 mor-

814 1786 892 1815 tuus
909 1787 960 1816 est
978 1787 1090 1816 autem
1114 1785 1224 1816 dictus
1247 1786 1370 1816 Petrus
1395 1785 1595 1824 priusquam
1623 1785 1835 1824 pontificales
1859 1785 1982 1816 litterae
2000 1785 2035 1816 in
2052 1785 2142 1816 dicta
2163 1785 2414 1825 Petragorloen.

813 1838 892 1868 0001.
911 1840 1119 1877 praesentatae
1135 1840 1167 1869 et
1183 1838 1361 1878 publicatae
1376 1839 1538 1872 fuissent;
1551 1847 1618 1869 non
1631 1838 1718 1870 obst.
1736 1839 1826 1878 quod
1840 1839 1875 1869 in
1887 1839 1967 1869 0001.
1982 1847 2011 1869 s.
2026 1838 2120 1870 Aviti
2136 1839 2284 1870 senioris
2294 1845 2414 1870 canon.

813 1893 845 1921 et
864 1891 964 1930 praeb.
990 1901 1027 1922 ac
1052 1891 1256 1927 sacristiam,
1285 1900 1411 1922 necnon
1438 1892 1627 1931 prioratum
1645 1892 1759 1923 saecul.
1785 1892 1866 1923 eccl.
1885 1892 1926 1923 de
1946 1891 2137 1928 Betherico,
2162 1892 2330 1923 Sarlaten.
2352 1890 2414 1930 di„

813 1944 973 1975 obtineat.
994 1960 1031 1966 —
1048 1945 1074 1975 Ι.
1093 1953 1120 1975 0.
1145 1953 1189 1975 m.
1210 1954 1313 1984 praep.
1332 1947 1477 1985 Aquen.,
1495 1947 1528 1976 et
1543 1945 1752 1984 Forojulien.
1775 1954 1813 1976 ac
1838 1945 2014 1977 Caturoen.
2035 1945 2197 1976 archid-is
2212 1944 2294 1976 0001.
2313 1945 2366 1983 (A.
2382 1945 2414 1980 ⁹,

813 1998 834 2028 f.
854 1999 913 2028 302
927 1998 957 2033 1³3
982 1998 1019 2028 V.
1033 2000 1085 2033 08,
1101 2007 1152 2037 ep.
1173 2000 1251 2030 1499
1268 1999 1323 2038 A.)

858 2048 967 2079 7618.
988 2069 1024 2073 -
1040 2051 1180 2086 Nicolao,
1203 2051 1314 2082 Ostien.
1334 2058 1360 2081 ee
1383 2051 1542 2083 Velletren.
1558 2061 1638 2092 ep.o,
1656 2051 1745 2083 conf.
1762 2052 1843 2083 eccl.
1862 2052 1902 2083 de
1921 2051 2098 2088 citofacta,
2117 2051 2336 2092 portugalen.
2353 2051 2414 2090 di„

812 2112 871 2142 per
887 2104 1122 2135 dimissionem
1140 2105 1340 2136 Gondisalvi
1365 2106 1405 2136 de
1426 2106 1570 2136 Parorca
1582 2105 1682 2144 juxta
1699 2105 1834 2136 constit.
1855 2113 1957 2144 super
1972 2105 2096 2145 plural.
2116 2105 2228 2136 benef.
2248 2113 2303 2145 ap.
2319 2104 2354 2136 S.
2370 2105 2414 2137 A.

813 2166 883 2187 vac.
896 2167 904 2194 ;
924 2166 989 2188 000
1005 2157 1092 2188 obst.
1108 2159 1198 2197 quod
1213 2159 1397 2198 episcopat.
1420 2159 1548 2190 ostien.
1565 2160 1598 2190 et
1610 2158 1796 2190 Velletren.
1815 2158 1977 2193 obtineat,
1991 2159 2024 2189 et
2041 2158 2124 2190 eccl.
2142 2167 2170 2189 s.
2186 2157 2354 2190 praxedis
2372 2157 2415 2190 (10

812 2210 914 2247 Urbe,
933 2219 960 2241 0.
979 2220 1020 2248 0.,
1042 2213 1154 2242 teneat
1177 2212 1458 2248 commendatam,
1484 2213 1542 2243 aut
1562 2212 1652 2251 quod
1669 2220 1747 2242 eum
1773 2220 1882 2251 nuper
1905 2212 1946 2242 de
1968 2211 2128 2249 Dissena,
2146 2213 2180 2242 et
2197 2211 2311 2243 saecul.
2331 2211 2415 2243 0001.

811 2272 838 2293 s.
859 2264 956 2294 Pauli
976 2264 1161 2295 Florentia.
1182 2265 1402 2304 prioratibus,
1420 2274 1457 2296 ac
1476 2274 1504 2296 s.
1524 2265 1617 2296 Petri
1635 2265 1671 2296 in
1687 2265 1825 2305 Campo,
1845 2267 1878 2296 et
1899 2274 1928 2296 s.
1948 2265 2092 2296 Andreae
2114 2265 2150 2295 in
2168 2265 2257 2296 valle
2271 2273 2346 2305 quae
2363 2264 2416 2296 di-

811 2317 896 2347 citur
917 2317 1123 2348 Helxkental
1150 2318 1320 2357 plebibus,
1344 2327 1381 2348 ac
1403 2319 1484 2349 eccl.
1512 2327 1539 2349 s.
1557 2319 1700 2350 Joannis
1724 2319 1932 2350 confessoris
1946 2319 1987 2350 de
2003 2318 2162 2350 Rivoalto
2184 2318 2226 2350 de
2244 2317 2412 2356 venetiis,

811 2370 1001 2400 animarum
1028 2379 1141 2401 curam
1164 2371 1378 2405 habentibus,
1406 2372 1610 2409 Ruthenen.‚
1636 2373 1819 2408 Lucanen.,
1836 2372 2022 2403 Plctavien.
2049 2373 2082 2403 et
2106 2371 2334 2403 castellanen.
2353 2371 2414 2410 di..

810 2423 879 2453 ΡΡ.
899 2423 1094 2462 providerit.
1113 2442 1150 2446 -—
1174 2425 1199 2455 Ι,
1223 2433 1251 2455 e.
1277 2433 1320 2455 m.
1341 2426 1428 2455 cant.
1456 2425 1685 2465 Portugalen.‚
1708 2426 1741 2456 et
1757 2425 1937 2456 Francisco
1956 2425 1997 2456 de
2020 2425 2181 2462 Moliano,
2198 2425 2414 2462 Laudunen„

810 2476 877 2506 ΡΡ.
907 2485 993 2515 cap„
1010 2485 1047 2507 ac
1067 2477 1190 2507 Joanni
1216 2478 1386 2514 Rotundo,
1410 2478 1518 2517 ejusd.
1541 2479 1758 2518 Portugalen.
1785 2487 1858 2510 can.
1884 2478 1965 2509 0001.
1993 2478 2045 2519 (Α.
2064 2480 2096 2515 9,
2125 2478 2148 2508 f.
2165 2479 2224 2509 303
2241 2483 2271 2515 ⁸;
2300 2477 2337 2509 V.
2359 2478 2412 2516 68,

810 2538 862 2568 ep.
881 2530 984 2568 1510.)

855 2580 965 2611 7619.
985 2600 1023 2604 -
1039 2583 1116 2614 Abb.
1134 2589 1263 2614 monast.
1280 2594 1302 2614 s.
1325 2584 1482 2624 Genovefae
1500 2585 1654 2616 Parisien.
1672 2586 1785 2616 mand.
1801 2587 1837 2616 01
1858 2585 1999 2616 secretis
2017 2593 2079 2616 seu
2098 2583 2415 2624 congregationibus

810 2636 1051 2667 Universitatis
1069 2637 1234 2668 Parisien.
1252 2646 1288 2668 se
1310 2638 1462 2678 ingerere
1480 2639 1646 2675 volentes,
1662 2639 1891 2678 appellatione
1911 2639 2051 2676 remota,
2071 2638 2252 2677 compellat
2266 2637 2358 2678 quod
2372 2637 2414 2670 ab

810 2689 1021 2729 ingressione
1042 2689 1235 2729 hujusmodi
1250 2699 1391 2730 prorsus
1407 2691 1609 2723 abstineant.
1628 2693 1679 2732 (A.
1699 2693 1748 2729 10,
1767 2692 1789 2723 f.
1805 2693 1848 2723 42
1860 2691 1890 2729 b;
1917 2690 1951 2722 V.
1974 2693 2025 2729 68,
2040 2700 2094 2731 ep.
2112 2690 2218 2730 1731.)

855 2740 965 2771 7620.
984 2761 1017 2765 -
1048 2743 1214 2774 Praedicto
1241 2752 1316 2782 ep.0
1341 2745 1388 2784 (n.
1415 2745 1506 2783 7618)
1520 2745 1557 2776 fit
1576 2746 1651 2776 ead.
1676 2745 1786 2785 gratia
1808 2745 1843 2776 in
1865 2745 1933 2776 alia
1956 2745 2076 2781 forma,
2107 2744 2237 2775 scilicet
2262 2744 2415 2776 mandati

810 2796 900 2835 quod
915 2795 1073 2835 dirigitur
1091 2795 1160 2827 abb.
1180 2802 1309 2826 monast.
1327 2807 1352 2828 s.
1372 2798 1529 2828 Michaelis
1544 2798 1580 2829 de
1600 2798 1816 2836 Podiobonezi,
1838 2803 1868 2828 et
1889 2802 1970 2829 cant.
1993 2807 2030 2828 ac
2051 2798 2166 2829 Joarmi
2181 2796 2326 2828 Rotunda
2341 2806 2411 2828 can.

810 2848 881 2879 eccl.
898 2848 1100 2889 Portuqalen.
1117 2849 1170 2889 (A.
1190 2851 1239 2886 10,
1257 2850 1280 2880 f.
1299 2851 1356 2881 183
1371 2850 1400 2886 b;
1423 2851 1459 2882 V.
1474 2853 1524 2887 68,
1542 2861 1594 2891 ep.
1613 2851 1720 2891 2046.)

855 2899 967 2931 7621.
978 2921 1016 2925 —
1030 2902 1112 2943 May.
1128 2902 1253 2943 Huqom'
1267 2903 1303 2933 de
1315 2903 1500 2944 Enyolt'sma
1509 2914 1602 2944 prov.
1619 2914 1737 2937 canon.
1751 2905 1831 2936 0001.
1843 2905 2094 2936 claromonten.
2111 2903 2175 2935 sub
2189 2913 2284 2944 exsp.
2294 2903 2411 2944 praeb.,

810 2957 903 2987 motu
918 2956 1068 2995 proprio.
1087 2974 1126 2978 —
1147 2956 1173 2987 I.
1192 2965 1221 2987 e.
1239 2965 1284 2987 m.
1302 2957 1517 2989 Lemovi0en.
1537 2960 1569 2989 et
1593 2959 1801 2998 Forojulien.
1821 2958 1920 2998 ep.is,
1937 2966 1975 2989 ac
1992 2957 2069 2988 abb.
2086 2959 2232 2989 monast.
2250 2966 2277 2989 S.
2297 2957 2413 2989 Satur-

758 2998 762 3002 “
810 3009 882 3040 nini
898 3009 1056 3040 Tolosan.
1074 3009 1128 3049 (A.
1147 3011 1177 3047 9,
1194 3009 1216 3040 f.
1233 3011 1292 3041 300
1308 3009 1337 3047 b;
1363 3010 1399 3043 V.
1415 3012 1465 3046 68,
1483 3020 1534 3051 ep.
1562 3013 1639 3043 1566
1655 3013 1709 3050 A.)
