2592 3562
1334 1 1337 27 1
1347 0 1694 35 sfflfflw‘w
1706 22 1709 25 .
1722 17 1745 33 ,.
1943 23 1986 30 .
2082 27 2084 31 ,

1496 31 1498 33 ·
1527 36 1539 39 “
1709 31 1712 34 ’
1759 31 1766 39 ³
1894 40 1897 41 ⁷
1925 32 2014 51 συ
2037 34 2086 60 sna

333 306 394 337 458
564 302 818 348 APPENDICES
841 303 897 334 AD
918 302 1102 358 TERTIUM
1123 303 1272 336 ANNUM
1294 303 1491 336 BULLARII
1510 303 1686 336 JOANNIS
1706 304 1811 336 XXII.
1837 323 1874 330 -
1894 306 2137 347 (mae-1884)

403 659 441 687 19
456 660 525 686 maii
541 658 630 687 1319.

345 766 386 794 2⁰
404 766 474 794 maii
491 765 571 794 1319
582 767 612 794 et
625 773 687 801 sqq.

360 931 465 959 Datum
483 925 666 960 Avenione.

397 980 438 1008 29
452 980 521 1014 jun.
537 978 624 1007 1319.

415 1027 461 1060 (111
476 1024 534 1051 kal.
550 1023 617 1059 jul.)

343 1247 425 1274 Anno
443 1246 610 1275 13¹9.1nd.
631 1246 679 1279 ιιι,

412 1291 459 1319 die
476 1291 541 1319 xii·
553 1291 608 1328 jul.

397 1620 439 1647 12
459 1620 514 1654 jul.
534 1620 622 1648 1319.

338 1666 454 1699 (Datum
467 1665 513 1692 die
522 1665 597 1701 jovis
617 1667 684 1700 post

321 1709 429 1738 festum
441 1709 654 1737 tramslationis
667 1710 694 1738 b.

337 1754 484 1782 Benedicti
502 1761 601 1782 mense
612 1754 677 1790 julii

411 1806 486 1826 anno
504 1798 606 1834 1319.)

351 1942 400 1969 Die
415 1942 539 1969 xxvul=
554 1942 663 1969 mensis

420 1995 486 2022 auq.
505 1987 593 2015 1319.

306 2462 310 2466 .
345 2421 394 2450 Die
414 2422 540 2450 xxvma
555 2422 667 2451 mensis

418 2474 485 2501 aaa.
507 2466 595 2495 1319.

344 2514 447 2556 natum
466 2527 537 2555 Rodi
552 2527 598 2556 die
614 2528 665 2556 111·

346 2575 432 2608 sept„
451 2572 489 2600 11⁸
504 2572 663 2600 Indictione

448 2617 564 2654 (1319).

761 497 894 529 ratione
909 498 942 528 et
955 499 1115 537 computo
1131 496 1173 528 ab
1189 496 1454 538 inquisitoribus
1467 496 1633 530 haereticae
1651 497 1833 538 pravitatis
1847 497 1907 539 qui
1922 497 2007 530 olim
2022 497 2162 530 fuerunt
2175 498 2212 530 in
2225 498 2362 540 provin·
2384 527 2386 529 ,

761 549 814 582 cia
841 550 985 582 ducatus
1012 549 1199 590 spoletan„
1226 558 1269 582 ex
1291 550 1406 601 mand.
1432 550 1577 582 Joannis
1598 550 1665 582 PP.
1692 550 1805 583 XXII.
1828 550 1937 592 (Perq.
1954 550 2091 582 authent.
2113 550 2249 593 quinque
2268 550 2364 592 folio-

761 613 830 634 rum
841 612 848 620 ·
868 612 901 635 n.
918 605 947 634 1.

807 626 930 686 10262
951 603 1014 687 {n's
1038 675 1077 681 —
1090 657 1177 689 Item
1196 665 1203 687 :
1222 659 1395 698 regestum
1409 665 1513 697 super
1527 656 1768 689 informatione
1785 657 1928 689 decimes
1944 657 2115 698 impositas
2130 665 2191 698 per
2207 657 2366 690 Clemen-

759 712 829 742 tem
843 711 910 742 PP.
923 710 996 742 Vin
1005 710 1096 742 dicta
1103 710 1279 750 provincia
1291 710 1441 742 collectas
1459 712 1492 742 et
1507 709 1717 750 colligendae.
1727 709 1888 750 (Amneni.
1897 719 1988 752 per-9.
2001 709 2246 752 Vllsoliorum„
2256 719 2291 743 11.
2305 710 2365 752 ¹⁸.)

805 761 940 793 10263.
958 781 998 786 —-
1014 763 1207 800 Quaternus
1229 764 1407 796 continens
1431 771 1601 803 expensas
1617 771 1680 803 pro
1703 762 1878 795 alimentis
1902 763 2051 804 aliisque
2077 764 2283 796 necessariis
2302 772 2365 804 pro

757 817 907 857 hospitio
933 825 961 848 s.
975 817 1127 857 Remigii
1144 818 1178 848 et
1192 825 1220 849 s.
1238 817 1331 849 Petri
1352 816 1563 848 Avenionen.
1583 814 1684 857 (θήρ.
1700 819 1874 847 cartae-eum
1889 815 2050 857 XXsoliis
2069 817 2162 849 simul
2181 817 2259 849 mis
2279 827 2364 849 cons-

771 881 788 901 a
829 895 837 908 ‚
861 879 893 901 n.
912 872 927 901 1
955 894 961 900 .

757 877 768 902 ι
790 871 995 953 η1.,ῖο26ι1.2)-
1011 924 1161 955 Joannes
1177 923 1271 964 Papa
1285 923 1386 955 XXII
1403 931 1479 963 ep.0
1493 923 1673 960 Aversan„
1691 923 1781 955 Urso
1796 922 1965 955 Minutulo
1981 931 2020 955 ac
2027 923 2170 956 Nicolao
2184 923 2364 957 Verticillo

757 986 829 1009 can.
849 977 1065 1018 Neapolitan.
1092 995 1131 1000 —
1147 977 1354 1009 Executoria
1374 977 1488 1008 collat.
1511 985 1613 1013 curae,
1629 975 1889 1017 gubernationis
1920 977 1955 1008 et
1972 976 2166 1009 administr.
2190 977 2364 1018 prloratus

757 1030 939 1071 hospitalis
955 1039 983 1063 s.
1002 1030 1146 1062 Joannis
1161 1030 1431 1062 Jerosolimitan.
1453 1029 1617 1069 capuan„
1638 1037 1715 1060 cum
1736 1028 1898 1061 omnibus
1914 1029 2086 1069 domibus,
2103 1029 2282 1068 membris,
2299 1029 2366 1062 vil-
2432 1076 2434 1078 q
2497 1015 2511 1070 :f¹

756 1085 814 1120 lis,
837 1085 922 1116 locis
939 1085 1018 1122 etc„
1040 1086 1182 1124 excepta
1205 1084 1306 1117 domo
1323 1083 1555 1124 Neapolitan„
1573 1091 1649 1124 quae
1671 1084 1724 1115 est
1741 1082 1783 1114 de
1800 1091 1936 1114 camera
1956 1090 2046 1124 mag.
2064 1082 2148 1116 dicti
2165 1075 2362 1125 hospitalis,

757 1138 854 1170 factae
877 1137 1021 1170 Fulconi
1045 1138 1086 1169 de
1107 1137 1287 1172 Villaret0‚
1305 1137 1364 1178 qui
1384 1137 1584 1177 magisterio
1601 1135 1710 1177 ejusd.
1732 1136 1916 1177 hospitalis
1942 1135 1978 1168 in
1993 1136 2155 1169 manibus
2169 1137 2239 1171 PP.
2253 1146 2364 1180 nuper

756 1191 957 1231 resignavit.
973 1190 1075 1232 (Or-iq.
1092 1200 1192 1232 per-92,
1207 1199 1240 1222 n.
1261 1192 1324 1229 15.)

803 1242 940 1275 10265.
955 1261 995 1267 ——
1008 1245 1139 1285 'ringus
1155 1243 1291 1276 Alberti
1306 1245 1339 1276 et
1351 1243 1517 1275 Mathaeus
1529 1242 1674 1281 Villani,
1691 1244 1897 1276 mercatores
1911 1244 1946 1275 et
1963 1243 2048 1276 socii
2063 1243 2105 1276 de
2122 1244 2285 1276 societate
2298 1244 2364 1278 Bo-

755 1306 980 1330 nacursorum
997 1298 1038 1329 de
1060 1297 1247 1334 Florentia,
1271 1296 1417 1337 Neapoli
1434 1297 1696 1333 commorantes,
1722 1296 1861 1328 nomine
1875 1296 2031 1337 ipsorum
2048 1298 2082 1329 et
2096 1296 2241 1329 aliorum
2255 1298 2364 1331 socio-

755 1361 832 1383 rum
847 1351 1019 1383 societatis
1034 1351 1214 1391 praedictae,
1233 1351 1500 1390 recognoverunt
1518 1341 1555 1381 se
1571 1349 1742 1390 recepisse
1757 1358 1778 1381 a.
1790 1349 1976 1382 Guillelmo
1990 1349 2146 1382 Durandi
2159 1350 2311 1383 thesaur.
2325 1350 2364 1384 in

754 1406 847 1437 civit.
865 1406 1093 1437 Beneventan.
1111 1404 1293 1445 quamdam
1310 1404 1463 1443 pecuniae
1478 1411 1649 1435 summam
1665 1403 1865 1435 solvendam
1879 1403 1916 1435 in
1931 1403 2087 1436 Romana
2101 1403 2197 1436 curia
2209 1403 2303 1436 infra
2317 1413 2362 1437 xv

754 1459 828 1490 dies
846 1460 923 1499 post
935 1458 1234 1498 praesentationem
1246 1457 1348 1497 hujus
1363 1456 1584 1489 instrumenti
1597 1456 1634 1488 in
1651 1456 1725 1488 ead.
1742 1457 1849 1488 curia.
1858 1473 1898 1479 —
1910 1457 2035 1489 Actum
2047 1457 2194 1498 Neapoli
2207 1458 2245 1490 in
2259 1457 2362 1491 domo

753 1512 976 1543 habitationis
990 1512 1088 1543 dictae
1105 1510 1279 1543 societatis
1296 1519 1357 1550 per
1370 1510 1559 1542 Caesarium
1574 1510 1708 1550 Polegii
1725 1509 1766 1542 de
1788 1511 1893 1548 Luca,
1910 1509 2083 1550 imperiali
2108 1511 2197 1543 auct.
2210 1511 2362 1552 judicem

754 1566 966 1597 ordinarium
984 1566 1017 1596 et
1032 1565 1213 1596 notarium.
1231 1563 1390 1604 (Autkent.
1400 1574 1409 1600 ;
1425 1572 1459 1595 n.
1476 1563 1542 1604 13.)

800 1616 935 1648 10266.
953 1637 991 1641 -
1005 1618 1136 1650 Littera
1152 1617 1311 1649 officialis
1328 1617 1583 1649 Claromonten.
1600 1625 1703 1658 super
1718 1617 1888 1649 locatione
1904 1625 2070 1649 censuum
2083 1619 2231 1650 monast.
2239 1617 2362 1658 Yssio—

753 1673 839 1710 dori,
857 1673 896 1704 O.
914 1673 948 1704 S.
965 1672 1018 1709 B.‚
1037 1671 1289 1703 Claromonten.
1307 1670 1367 1709 di„
1388 1670 1477 1702 facta
1491 1670 1657 1702 fratribus
1673 1671 1797 1703 Joanni
1813 1671 1854 1710 de
1869 1670 1989 1702 Cortes
2007 1670 2115 1711 priori
2132 1670 2311 1703 claustrali
2326 1671 2362 1704 et

754 1725 938 1758 Guillelmo
964 1725 1119 1757 Morrioli
1135 1724 1322 1756 camerario
1345 1724 1428 1756 dicti
1446 1725 1606 1763 monast„
1624 1733 1686 1765 pro
1709 1733 1844 1756 summa
1857 1725 1918 1756 220
1933 1725 2109 1756 sextarum
2125 1723 2303 1763 frumenti,
2317 1725 2362 1758 10

753 1781 929 1810 sextarum
947 1787 1073 1815 avenae,
1092 1780 1124 1810 et
1141 1779 1178 1808 18
1191 1777 1253 1808 lib.
1264 1779 1332 1809 tur.
1345 1796 1383 1800 —
1397 1777 1498 1809 Dorso
1515 1777 1630 1819 leqitur
1646 1786 1654 1807 :
1673 1787 1689 1808 «
1704 1778 1860 1810 Decessit
1877 1777 2087 1810 Guillelmus
2103 1777 2268 1810 Morriola
2278 1778 2360 1811 ante

751 1834 896 1864 mortem
914 1832 996 1863 dicti
1014 1832 1085 1863 d.ni
1100 1831 1245 1869 abbatis,
1263 1840 1324 1871 per
1339 1841 1388 1862 xx
1402 1840 1520 1869 annos,
1540 1833 1574 1863 et
1588 1831 1739 1864 Joannes
1758 1831 1800 1862 de
1820 1831 1940 1863 Cortes
1959 1840 2020 1872 per
2034 1840 2107 1863 ιιι
2130 1839 2238 1863 annos
2252 1830 2360 1864 nichil

751 1886 926 1917 habentes.
943 1894 961 1916 »
977 1904 1015 1908 --
1032 1885 1132 1926 (Oriy.
1147 1894 1257 1926 per9.;
1274 1894 1307 1916 n.
1326 1886 1392 1924 16.)

798 1937 931 1968 10267.
951 1958 988 1962 -
1003 1940 1154 1970 Joannes
1170 1939 1264 1979 Papa
1280 1939 1381 1970 XXII
1395 1941 1428 1970 et
1445 1939 1628 1979 Philippus
1641 1939 1684 1971 R.
1701 1939 1740 1970 F.
1758 1939 1791 1970 et
1804 1938 1848 1970 N.
1865 1939 2018 1970 construi
2034 1938 2185 1970 fecerant
2205 1947 2230 1970 x
2243 1938 2359 1979 galeas

751 2002 811 2033 pro
826 1993 967 2024 servitio
985 1993 1098 2023 Terrae
1125 1992 1254 2024 Sanctae
1272 1992 1336 2024 sub
1353 1992 1524 2032 capitania
1538 2001 1572 2024 n.
1590 2001 1621 2023 v.
1641 1991 1777 2024 Mathaei
1797 1991 1838 2024 de
1854 1992 2013 2024 Varenis.
2033 1991 2112 2030 Sed,
2126 2000 2206 2024 cum
2219 1993 2360 2035 propter

750 2047 883 2078 instans
898 2048 1032 2085 tempus
1047 2046 1203 2085 hyemale
1222 2055 1340 2077 eorum
1357 2046 1502 2077 armatio
1519 2054 1608 2077 nunc
1621 2045 1668 2077 sit
1681 2045 1827 2084 inutilis,
1843 2046 1937 2085 Papa
1952 2045 2062 2077 dictas
2073 2044 2190 2086 galeas
2207 2044 2359 2089 Boberto
2415 2061 2423 2090 j
2462 2033 2496 2095 J*
2515 2081 2516 2084 Ἴ

750 2100 876 2132 Siciliae
894 2100 964 2139 regi
992 2099 1199 2139 supplicanti
1224 2099 1340 2137 tradit,
1366 2099 1431 2130 sub
1447 2099 1641 2131 conditione
1658 2099 1749 2140 quod
1765 2107 1882 2131 mense
1905 2099 2022 2131 martii
2036 2099 2194 2139 proxime
2213 2099 2357 2131 venturo

750 2153 836 2184 alias
867 2162 890 2183 x
905 2153 1019 2193 galeas
1035 2153 1070 2183 in
1089 2154 1188 2192 portu
1214 2153 1379 2184 Massiliae
1405 2153 1517 2184 dictus
1535 2152 1707 2185 Robertus
1734 2152 1901 2190 redderet,
1916 2153 1949 2184 et
1966 2153 2082 2184 aomo
2101 2152 2175 2184 flor.
2192 2152 2279 2190 auri,
2297 2148 2360 2194 qui

749 2207 907 2238 dicuntur
933 2206 1040 2237 fuisse
1058 2207 1206 2246 impensi
1223 2206 1258 2237 in
1281 2206 1475 2246 stipendiis,
1492 2205 1700 2238 victualibus
1715 2207 1748 2238 et
1761 2206 1980 2238 fornimentis
1993 2206 2192 2238 earumdem
2208 2215 2233 2238 x
2246 2205 2360 2247 gale&

749 2269 836 2296 rum,
855 2260 964 2291 solvat
983 2261 1018 2290 in
1036 2260 1109 2291 eod.
1128 2269 1256 2291 mense.
1273 2261 1397 2292 Actum
1412 2260 1587 2292 Avenione
1607 2260 1643 2291 in
1655 2260 1784 2300 palatio
1801 2260 1945 2292 fratrum
1959 2260 2223 2300 praedicatorum
2237 2259 2276 2291 in
2289 2268 2358 2301 quo

748 2314 919 2345 Robertus
936 2313 1097 2353 praefatus
1115 2313 1297 2345 residebat.
1316 2313 1450 2353 (Minuta
1468 2314 1668 2347 instrumenti
1681 2318 1797 2344 cartae.
1817 2313 1914 2344 tribus
1928 2314 2021 2355 petiis
2041 2313 2120 2344 sutis
2135 2314 2288 2354 anqustia,
2303 2312 2359 2346 :ed

749 2366 857 2407 longis,
874 2371 1013 2397 constans
1020 2376 1030 2404 3
1043 2376 1076 2398 n.
1094 2367 1157 2406 17.)

795 2418 929 2450 10268.
946 2439 983 2443 -
1008 2421 1125 2457 Instr.,
1143 2421 1182 2451 de
1201 2430 1267 2460 quo
1288 2429 1403 2461 supra,
1423 2423 1536 2453 actum
1557 2430 1618 2462 per
1640 2421 1815 2454 Oddonem
1831 2421 2002 2454 Leonardi
2019 2421 2061 2453 de
2073 2420 2278 2459 Sermineto,
2294 2428 2354 2461 pu·

747 2474 875 2505 blicum
889 2476 976 2505 auct.
995 2476 1102 2514 apost.
1121 2476 1204 2511 not„
1218 2476 1251 2506 et
1268 2483 1410 2506 camerae
1427 2475 1528 2515 Papae
1543 2475 1622 2507 cler.
1641 2474 1751 2516 (Instr.
1767 2475 1847 2516 oriq.
1860 2483 1971 2516 per9.;
1989 2483 2024 2506 n.
2042 2474 2108 2514 18.)

795 2525 929 2556 10269.
944 2546 982 2551 -
998 2527 1134 2558 Relatio
1153 2527 1196 2558 fr.
1213 2527 1346 2560 Alberti
1371 2529 1412 2560 de
1434 2529 1541 2569 Nigro
1565 2528 1697 2566 Castro,
1717 2528 1788 2560 ord.
1804 2527 1988 2568 hospitalis
2007 2536 2037 2559 s.
2053 2527 2197 2560 Joannis
2216 2510 2359 2560 Jerososs
2477 2535 2480 2550 ι

747 2581 910 2616 limitan.,
929 2581 1045 2621 magni
1071 2581 1291 2621 praeceptoris
1308 2581 1494 2613 Cismarini
1516 2590 1626 2620 conv..
1644 2581 1770 2613 Joanni
1788 2581 1891 2622 Papae
1914 2581 2016 2613 XXII
2035 2581 2130 2613 factae
2149 2581 2191 2613 de
2212 2565 2358 2613 victoria

747 2635 856 2667 relata
871 2643 891 2665 a
914 2634 1086 2666 militibus
1101 2634 1225 2672 Rhodi,
1243 2635 1283 2666 de
1309 2635 1432 2667 Turcis
1447 2635 1570 2667 insulae
1593 2635 1675 2673 Scii,
1694 2636 1728 2667 et
1747 2635 1789 2667 de
1810 2634 1939 2668 Graecis
1961 2634 2150 2667 rebellibus
2176 2634 2299 2666 insulae
2313 2633 2356 2667 de

747 2689 853 2720 Lerro
870 2688 929 2719 ubi
955 2689 1008 2720 est
1030 2688 1200 2728 quoddam
1229 2690 1393 2726 castrum,
1411 2690 1494 2721 olim
1521 2689 1564 2721 ad
1577 2689 1718 2721 domum
1741 2689 1825 2721 dicti
1843 2689 1916 2721 ord.
1943 2688 2081 2729 pertin„
2110 2687 2370 2733 fortissimum„-

748 2742 838 2783 quod
853 2742 978 2774 iterum
996 2743 1257 2782 occupaverunt.
1273 2742 1371 2782 (θήρ.
1387 2753 1475 2784 per-9.
1485 2752 1494 2781 3
1515 2752 1549 2774 n.
1567 2743 1633 2783 19.)

2468 2339 2489 2354 με

2408 2354 2411 2355 ’
2466 2353 2492 2370 ,4,
