2592 3562
238 382 340 408 Datum
364 374 547 409 Avenione.

241 483 256 510 Ι
272 481 356 518 (kal.)
371 489 437 516 any.
455 480 542 509 1318.

337 526 368 553 Τ.
384 526 440 552 Lx.

354 746 389 774 Ut
405 755 428 774 s.

313 791 343 818 T.
360 791 393 825 X,
409 791 468 818 XII.

349 960 388 988 Ut
407 968 431 988 ε.

293 1005 339 1033 Gr.
354 1013 406 1040 pro
422 1005 490 1033 Deo.

351 1386 388 1413 Ut
405 1394 430 1414 s.

285 1431 332 1458 Gr.
348 1438 400 1465 pro
418 1431 497 1458 card.

354 2130 392 2158 Ut
407 2138 430 2158 s.

350 2342 388 2370 Ut
406 2351 431 2370 s.

283 2386 329 2415 Gr.
347 2388 383 2415 de
402 2387 503 2416 mand.

273 2431 512 2460 vicecancellarii.

605 275 779 320 JOANNIS
803 288 921 318 PAPAE
943 288 1044 317 XXII.
1070 289 1318 327 (1316-1334).
1343 306 1380 310 --
1403 288 1588 317 LITTERAE
1612 288 1835 319 COMMUNES
2170 296 2227 325 231

677 479 689 490 “
711 475 821 506 7919.
842 495 878 500 -
893 476 943 507 Ad
958 482 1141 517 perpetuam
1163 476 1209 506 rei
1233 477 1421 507 memoriam.
1446 476 1649 508 Conceditur
1666 477 1809 509 facultas
1828 488 1903 518 ep.o
1928 481 2083 512 Perusin.
2103 486 2135 514 et
2155 493 2230 515 suc-

633 531 827 563 cessoribus
847 530 920 561 suis
935 529 1153 570 impertiendi
1171 529 1326 568 personis
1344 529 1476 560 idoneis
1492 529 1633 560 docendi
1649 530 1822 561 licent-iam
1838 531 1874 562 in
1894 532 1986 563 civit.
2007 534 2177 574 Perusin„
2196 538 2230 568 in

634 593 702 624 qua
717 584 875 616 Clemens
888 583 956 614 ΡΡ.
975 583 1005 614 V
1019 583 1138 614 statuit
1153 591 1229 613 esse
1245 583 1397 613 studium
1412 583 1580 622 generale.
1605 583 1764 622 Sequitur
1783 585 1904 615 modus
1916 585 2011 625 Juxta
2027 596 2126 626 quem
2144 590 2232 621 dicta

633 638 773 669 licentia
789 636 995 668 conceditur.
1010 636 1061 675 (A.
1082 637 1112 672 9,
1128 635 1151 666 f.
1167 638 1226 667 447
1243 641 1271 671 ³3
1299 634 1331 666 V.
1349 636 1400 672 68,
1416 644 1467 674 ep.
1485 637 1578 673 1590;
1597 636 1830 676 Cocquelines,
1856 637 2029 669 Bullarium
2052 639 2230 678 Romanum,

633 692 658 722 t.
676 691 738 727 111,
757 699 790 730 p.
809 700 845 726 11,
862 690 935 721 (100.
951 699 1035 727 xvn,
1053 698 1084 729 p.
1102 690 1184 727 168.)

679 741 789 772 7920.
814 761 853 766 -
882 742 1026 774 Gasberto
1052 742 1199 783 Riqaudt',
1226 752 1294 771 can.
1309 742 1380 773 eccl.
1405 752 1428 772 ε.
1461 741 1604 782 Caprasii
1622 743 1780 782 Aqennen.
1798 743 1863 773 ΡΡ.
1879 744 1995 783 famil..
2014 746 2175 787 indulget.
2197 751 2233 779 ut

634 796 765 828 fructus
787 796 897 828 benef.
923 804 1075 831 suorum,
1098 796 1177 826 licet
1201 804 1268 826 non
1290 795 1449 832 resideat,
1466 795 1639 835 percipere
1662 796 1785 833 valeat,
1804 798 1967 836 quamdiu
1990 798 2058 829 ΡΡ.
2083 801 2234 832 servitiis

634 850 810 881 institerit.
825 868 863 872 —
879 850 905 880 I.
925 858 953 880 e.
971 858 1016 880 m.
1034 848 1160 880 archid.
1179 849 1370 885 Caturcen.,
1387 850 1420 879 et
1435 857 1537 888 praep.
1556 849 1596 879 de
1615 849 1765 880 Tescone
1781 849 1907 881 Montis
1925 851 2062 889 Albani,
2079 861 2117 883 ac
2133 853 2233 885 Petro

634 903 674 934 de
690 903 888 940 Savinhaco,
905 911 978 934 can.
998 902 1078 934 eccl.
1094 903 1146 942 (A.
1165 904 1195 940 9,
1213 902 1236 933 f.
1250 903 1311 933 452
1326 907 1355 939 ἃς
1377 901 1413 932 V.
1430 903 1481 939 68,
1500 910 1553 941 ep.
1570 902 1676 941 1650.)

679 953 788 985 7921.
808 974 847 979 ——
867 956 985 987 Thomae
1002 955 1083 986 dicto
1095 955 1202 992 Leber,
1219 955 1320 995 presb.
1339 954 1486 995 Bajocen.
1503 954 1559 992 di.,
1577 955 1731 995 pauperi,
1747 956 1857 995 gratia
1870 956 1907 987 fit
1923 966 2018 996 exsp.
2036 958 2146 989 benef.
2161 969 2188 990 c.
2204 970 2232 991 c.

633 1010 691 1044 vel
707 1019 734 1041 s.
752 1019 781 1041 c.
796 1010 850 1050 (60
864 1009 924 1040 lib.
945 1009 1027 1048 tur.)
1049 1009 1092 1040 ad
1109 1009 1221 1040 collat.
1246 1008 1428 1039 abbatissae
1445 1009 1477 1039 et
1492 1017 1588 1039 conv.
1606 1010 1752 1040 monast.
1769 1018 1796 1039 s.
1818 1010 1998 1041 Trinitatis
2012 1011 2052 1042 de
2072 1011 2232 1051 Cadomo‚

633 1064 671 1095 O.
690 1063 722 1095 S.
740 1065 791 1099 Β.,
807 1063 962 1103 Bajocen.
983 1063 1042 1098 di.,
1063 1062 1098 1093 in
1115 1062 1208 1093 civit.
1236 1062 1290 1092 vel
1312 1062 1357 1092 di.
1376 1061 1551 1101 Baj0cen.;
1569 1071 1635 1093 non
1651 1062 1738 1093 obst.
1758 1063 1848 1102 quod
1871 1063 2020 1095 Roberto
2037 1066 2158 1097 rectori
2175 1076 2234 1106 pa-

633 1117 723 1148 roch.
741 1117 821 1148 eccl.
834 1117 875 1148 de
885 1116 1080 1148 Controniis
1089 1115 1292 1153 Remen.di.‚
1305 1115 1540 1147 infirmitatem
1554 1115 1777 1146 incurabilem
1789 1116 1942 1155 patienti,
1955 1126 2015 1156 per
2024 1119 2231 1158 archiep.um

633 1171 774 1202 Remen.
793 1170 967 1210 coadjutor
981 1170 1081 1200 datus
1098 1168 1213 1206 fuerit,
1230 1177 1267 1199 ac
1282 1177 1363 1199 cura
1373 1170 1406 1202 et
1422 1168 1573 1208 regimen
1592 1168 1702 1208 ipsius
1719 1169 1852 1208 paroch.
1867 1170 1948 1201 0001.
1966 1171 2033 1201 sibi
2050 1173 2233 1204 commissa

633 1224 736 1255 fuerit
756 1223 919 1263 quamdiu
937 1223 1107 1258 Robertus
1122 1222 1252 1253 viveret
1272 1222 1501 1260 supradictus.
1520 1239 1558 1244 —
1574 1223 1599 1253 I.
1620 1230 1648 1253 e.
1672 1230 1717 1253 m.
1739 1223 1865 1253 archid.
1883 1223 2040 1255 Oximen.
2060 1225 2231 1264 Bajocen„

633 1279 666 1308 et
679 1286 767 1316 mag.
784 1276 934 1308 Guidoni
950 1276 989 1307 de
1004 1275 1168 1313 Velletro,
1183 1275 1377 1312 Belvacen.‚
1391 1275 1457 1305 ΡΡ.
1475 1284 1562 1314 cap„
1583 1284 1620 1306 ac
1635 1275 1785 1306 Guerino
1810 1275 1851 1307 de
1866 1276 2028 1313 Tmarus,
2046 1278 2230 1311 Lexovien.

634 1339 706 1361 can.
721 1330 802 1361 eccl.
823 1330 876 1368 (A.
893 1331 924 1364 9,
941 1329 964 1360 f.
980 1330 1040 1361 370
1056 1328 1096 1372 ι];Ῑ
1108 1327 1142 1359 V.
1164 1330 1215 1364 68,
1229 1337 1281 1368 ep.
1303 1328 1408 1368 1671.)

678 1383 689 1394 ”
708 1381 818 1412 7922.
835 1402 872 1406 -
891 1383 1011 1415 Joanm'
1023 1392 1092 1423 ep.o
1106 1381 1264 1423 Nepesin„
1282 1381 1377 1422 Papae
1393 1382 1507 1412 vicario
1526 1383 1558 1411 in
1578 1381 1667 1418 Urbe,
1694 1386 1722 1412 et
1738 1382 1868 1412 Matkaeo
1884 1383 1920 1412 de
1936 1383 2118 1424 Columpna,
2135 1395 2231 1426 praep.

633 1448 658 1468 s.
674 1437 859 1473 Andoma'ri,
875 1436 1029 1467 Morinen.
1048 1435 1106 1473 di.,
1123 1445 1157 1465 ac
1174 1435 1290 1465 loanni
1303 1434 1414 1472 Blasii,
1440 1445 1509 1465 can.
1532 1435 1567 1465 S.
1587 1435 1630 1465 M.
1655 1435 1787 1476 Majoris
1802 1435 1838 1466 de
1857 1435 1934 1466 Urbe
1959 1437 2044 1474 eccl„
2065 1439 2178 1469 mand.
2197 1441 2234 1470 ut

634 1491 816 1531 diligenter
831 1490 1006 1529 inquirant
1022 1498 1064 1520 an
1082 1489 1217 1521 donatio
1233 1489 1321 1519 facta
1337 1497 1397 1528 per
1412 1488 1599 1529 capitulum
1617 1489 1697 1519 eccl.
1715 1490 1916 1520 Lateranen.
1934 1490 2048 1521 favore
2061 1491 2179 1524 Jacobi
2193 1493 2233 1523 de

634 1545 812 1580 Columna,
827 1544 860 1575 S.
878 1544 919 1574 R.
938 1544 976 1574 E.
1002 1543 1087 1573 diac.
1104 1542 1208 1578 card.,
1226 1542 1267 1572 de
1283 1542 1363 1573 eccl.
1384 1550 1410 1572 s.
1438 1542 1616 1573 Laurentii
1638 1542 1673 1572 in
1691 1542 1903 1582 Panisperna
1922 1543 1962 1574 de
1979 1544 2080 1579 Urbe,
2097 1545 2162 1575 eid.
2183 1555 2232 1576 ca-

634 1599 695 1638 pit.
713 1607 772 1637 per
787 1596 999 1629 Bonifacium
1019 1597 1055 1627 P.
1075 1596 1112 1626 P.
1132 1595 1213 1627 VIII
1232 1595 1338 1632 unita,
1355 1597 1506 1626 vertatur
1527 1596 1563 1626 in
1588 1595 1824 1635 praejudicium
1846 1596 1927 1627 dicti
1944 1597 2059 1636 capit„
2074 1599 2117 1634 et,
2136 1598 2165 1629 si
2183 1599 2233 1630 eis

634 1651 826 1683 constiterit
841 1650 931 1690 quod
946 1649 1094 1689 graviter
1109 1657 1176 1679 non
1195 1648 1349 1686 laedatur,
1366 1649 1475 1679 eamd.
1498 1649 1726 1684 donationem,
1745 1648 1808 1679 sub
1825 1650 2056 1681 reservatione
2076 1659 2234 1690 quarum—

634 1705 712 1736 dam
730 1703 988 1743 possessionum
1006 1702 1149 1732 sitarum
1163 1703 1198 1732 in
1210 1701 1384 1733 territorio
1399 1702 1502 1732 castri
1514 1702 1651 1739 Marini,
1667 1701 1834 1733 Albanen.
1851 1702 1911 1739 di.,
1929 1704 1965 1733 ut
1981 1711 2085 1742 supra
2098 1703 2232 1741 factam,

634 1758 846 1794 confirment,
864 1758 965 1795 prout
983 1756 1086 1786 etiam
1101 1755 1357 1786 collocationem
1371 1754 1611 1785 nonnullarum
1632 1764 1786 1786 sororum
1803 1764 1862 1795 per
1878 1755 1990 1795 ipsum
2003 1757 2093 1787 card.
2111 1757 2145 1787 in
2159 1759 2231 1790 ead.

634 1811 716 1843 eccl.
742 1819 780 1841 ac
796 1810 906 1841 bortis
922 1811 955 1840 et
982 1808 1093 1839 vineis
1109 1808 1278 1848 contiguis
1301 1809 1434 1846 factam,
1456 1807 1581 1847 quibus
1599 1808 1775 1839 sororibus
1794 1809 1942 1839 ruralem
1960 1809 2039 1840 0001.
2066 1819 2092 1839 s.
2112 1811 2233 1850 Angeli

634 1865 675 1895 de
690 1863 904 1900 Malarcesio,
923 1862 1092 1893 Tiburtin.
1109 1862 1167 1898 di.,
1185 1861 1313 1892 dudum
1329 1861 1369 1892 de
1385 1863 1528 1893 monast.
1547 1861 1587 1892 de
1600 1861 1771 1898 Palazola‚
1787 1861 1926 1893 Cisterc.
1948 1862 2033 1899 ord,
2046 1863 2232 1895 Velletren.

635 1918 695 1955 di.,
713 1917 850 1951 donare,
864 1917 897 1947 et
911 1916 976 1947 eid.
995 1915 1075 1946 eccl.
1095 1923 1122 1945 s.
1137 1914 1314 1946 Laurentii
1329 1914 1426 1945 unire
1443 1917 1475 1946 et
1488 1914 1717 1954 incorporare,
1732 1923 1770 1945 ac
1785 1914 1820 1945 in
1831 1917 2013 1955 perpetuos
2029 1925 2113 1947 usus
2130 1917 2230 1948 dicta-

635 1979 710 2002 rum
733 1978 902 2004 sororum,
931 1968 1070 2000 obtentu
1088 1968 1195 2008 ejusd.
1227 1968 1316 1999 card.
1345 1967 1475 2005 Jacobi,
1506 1968 1688 1998 concedere
1715 1970 1908 2007 procurent,
1931 1977 2006 1999 cum
2028 1969 2234 2001 Guillelmus

635 2023 712 2055 abb.
740 2023 880 2054 Cisterc.
900 2025 932 2053 et
954 2022 1076 2052 Petrus
1098 2030 1125 2051 s.
1148 2021 1271 2061 Angeli
1288 2021 1373 2052 diac.
1401 2021 1507 2058 card.,
1531 2021 1628 2052 dictae
1645 2021 1846 2052 Lateranen.
1869 2021 1948 2052 eccl.
1967 2022 2124 2061 archipr„
2145 2023 2234 2054 circa

635 2077 813 2118 praemissa
828 2085 928 2106 suum
944 2075 1165 2115 praestiterint
1179 2083 1369 2106 assensum.
1387 2074 1439 2113 (A.
1463 2076 1494 2111 9,
1519 2074 1541 2105 f.
1558 2075 1619 2106 500
1631 2079 1658 2111 ³3
1683 2074 1718 2105 V.
1732 2076 1783 2112 68,
1801 2083 1854 2114 ep.
1875 2074 1978 2114 1675.)

681 2127 791 2159 7923.
807 2146 845 2151 -
868 2128 1017 2168 Anqelus,
1035 2128 1070 2158 in
1095 2127 1287 2159 minoribus
1304 2128 1375 2159 ord.
1405 2128 1611 2158 constitutus
1628 2129 1661 2158 01
1676 2127 1852 2167 professus
1874 2130 2020 2159 monast.
2044 2137 2072 2159 s.
2092 2129 2234 2160 Joannis

636 2184 676 2215 de
692 2183 908 2219 Collimento,
923 2181 965 2212 ad
979 2181 1020 2212 R.
1047 2181 1086 2212 E.
1103 2181 1299 2212 immediate
1321 2180 1476 2220 subjecti,
1495 2181 1534 2212 O.
1555 2180 1588 2212 S.
1605 2181 1657 2217 Β.,
1685 2180 1844 2220 Aquilen.
1861 2181 1920 2219 di.,
1944 2181 2073 2212 electus
2097 2191 2116 2212 a
2137 2190 2232 2213 conv.

635 2245 696 2277 per
713 2237 803 2267 viam
820 2234 1071 2274 compromissi,
1091 2234 1310 2265 confirmatur
1324 2234 1359 2264 in
1376 2233 1451 2264 abb.
1471 2233 1579 2273 ejusd.
1597 2235 1741 2265 monast.
1759 2251 1797 2256 —
1815 2234 1840 2264 I.
1859 2243 1887 2265 e.
1905 2243 1950 2266 m.
1967 2243 2061 2265 conv.
2080 2235 2233 2274 praedicti

636 2291 782 2321 monast.
801 2289 854 2327 (A.
871 2289 902 2324 9,
924 2288 947 2319 f.
964 2288 1023 2319 503
1042 2287 1075 2323 ¹';
1096 2287 1132 2318 V.
1150 2287 1200 2323 68,
1223 2295 1275 2326 ep.
1295 2286 1402 2326 1701.)

681 2339 789 2371 7924.
804 2360 842 2364 -
859 2341 913 2370 Fr.
932 2340 1054 2370 Franco
1073 2339 1109 2370 de
1133 2339 1273 2377 Perusia,
1294 2339 1328 2370 O.
1347 2339 1400 2376 P.,
1422 2340 1455 2369 in
1471 2339 1663 2380 archiep.um
1687 2339 1861 2370 Soltam'en.
1888 2340 1991 2377 electo,
2015 2340 2177 2379 indulget.
2196 2342 2234 2371 ut

636 2397 710 2436 ipse
726 2397 759 2426 et
775 2402 989 2426 successores
1005 2393 1059 2424 sui
1076 2393 1111 2423 in
1135 2392 1335 2424 Nativitatis
1357 2394 1390 2424 et
1405 2392 1537 2423 duobus
1562 2392 1683 2424 diebus
1704 2392 1937 2433 sequentibus,
1955 2392 2233 2424 Circumcisionis

636 2451 669 2481 et
683 2447 892 2488 Epiphaniae,
918 2446 1193 2479 Resurrectionis
1210 2447 1243 2477 et
1266 2445 1399 2477 duobus
1416 2445 1538 2477 diebus
1563 2445 1796 2486 sequentibus,
1814 2448 1846 2477 et
1862 2446 2082 2477 Ascensionis
2100 2448 2131 2477 et
2148 2446 2232 2476 Pen-

635 2503 794 2536 tecostes‚
813 2502 845 2532 et
860 2501 895 2531 in
911 2501 1056 2540 quatuor
1074 2500 1111 2530 B.
1130 2499 1175 2530 M.
1194 2499 1249 2536 V.‚
1267 2499 1468 2531 Nativitatis
1487 2500 1525 2530 Β.
1542 2499 1685 2530 Joannis
1702 2499 1875 2539 Baptistae,
1893 2499 2123 2538 apostolorum
2138 2498 2232 2529 Petri

636 2557 670 2587 01
689 2555 800 2589 Pauli,
817 2555 850 2585 et
866 2554 1018 2584 omnium
1036 2552 1269 2592 apostolorum
1285 2552 1321 2583 in
1348 2552 1402 2583 die
1424 2552 1532 2584 Coenae
1559 2552 1652 2590 D.ni‚
1669 2552 1802 2583 sabbati
1820 2552 1940 2588 sancti,
1960 2551 2080 2583 Ramis
2100 2551 2232 2582 Palma-

636 2617 723 2644 rum,
752 2606 1073 2639 commemoratione
1102 2605 1263 2637 Omnium
1294 2606 1506 2641 Sanctorum,
1531 2605 1569 2636 B.
1598 2605 1772 2636 Laurentii
1803 2604 1978 2644 martyris,
2007 2605 2045 2635 Β.
2078 2604 2228 2643 Georgii,

634 2663 672 2694 B.
690 2660 858 2700 Gregorii,
874 2661 911 2691 Β.
928 2659 1123 2699 Augustini,
1137 2660 1176 2690 B.
1192 2659 1377 2695 Dominici,
1392 2660 1424 2690 et
1438 2659 1473 2689 in
1483 2658 1731 2699 principalibus
1748 2659 1859 2698 ipsius
1876 2658 1957 2688 0001.
1976 2656 2230 2693 festivitatibus,

636 2724 674 2746 ac
691 2715 726 2745 in
745 2713 955 2745 dedicatione
985 2712 1218 2749 ecclesiarum,
1236 2711 1549 2743 consecrationibus
1567 2720 1734 2751 ep.orum,
1757 2710 1792 2741 in
1808 2709 2079 2741 ordinationibus
2097 2709 2232 2740 clerico-

635 2777 723 2805 rum,
743 2768 778 2798 in
796 2766 884 2803 abb„
904 2775 942 2796 ac
957 2765 1207 2797 abbatissarum
1222 2767 1255 2796 et
1272 2765 1474 2796 monialium
1487 2763 1793 2800 benedictionibus,
1808 2772 1936 2794 necnon
1948 2764 1980 2793 et
1998 2763 2032 2793 in
2046 2763 2100 2793 die
2117 2771 2230 2793 conse·

635 2822 715 2853 crat.
742 2820 850 2860 ipsius
877 2819 1051 2858 archiep.i‚
1070 2818 1160 2849 infra
1179 2819 1305 2849 dictam
1333 2818 1412 2849 eccl.
1432 2821 1464 2849 et
1487 2819 1593 2849 totam
1610 2817 1819 2856 provinciam
1844 2815 2030 2847 Soltanien.
2057 2815 2167 2854 palleo
2191 2815 2231 2846 de

635 2882 774 2914 corpore
795 2873 827 2904 b.
856 2872 949 2903 Petri
972 2873 1119 2911 sumpto,
1141 2871 1231 2911 quod
1256 2871 1321 2902 ΡΡ.
1344 2871 1375 2902 01
1397 2871 1609 2907 transmittit,
1631 2870 1681 2901 uti
1703 2869 1795 2900 licite
1813 2869 1934 2900 valeat.
1953 2868 2006 2907 (A.
2028 2870 2059 2904 9,
2082 2868 2103 2898 f.
2127 2867 2229 2904 512b3

642 2927 675 2958 V.
692 2928 744 2964 68,
762 2935 813 2966 ep.
840 2927 936 2963 17453
953 2924 1080 2964 Ripoll,
1099 2923 1273 2954 Baliarium
1291 2923 1326 2954 O.
1341 2924 1392 2959 P..
1406 2926 1430 2955 t.
1450 2924 1491 2961 II,
1510 2933 1543 2963 p.
1563 2922 1646 2962 144.)
