2592 3562
339 282 402 314 25⁴

372 370 474 397 uatum
497 363 684 398 Avenione.

381 473 395 500 4
413 470 497 508 (kal.)
507 471 574 506 jan.
590 471 678 500 4343.

490 683 525 711 Ut
542 691 566 711 s.

342 845 362 872 6
384 845 449 879 (vni
470 844 521 876 id.)
538 843 600 877 jan.
622 843 711 871 1318.

487 1056 520 1082 Ut
538 1064 562 1082 s.

485 1162 520 1189 Ut
537 1169 560 1188 s.

356 1268 373 1296 7
389 1271 442 1304 (vu
460 1267 512 1300 id.)
525 1267 590 1302 jan.
609 1266 697 1295 1318.

366 1746 384 1772 9
400 1747 430 1780 (v
450 1745 502 1780 id.)
514 1745 578 1779 jan.
598 1744 684 1772 1318.

341 1837 347 1894 Ἰ
379 1851 416 1878 43
430 1852 494 1888 (id.)
503 1852 568 1886 jan.
586 1851 673 1880 4348.

420 2278 530 2312 Myon.
550 2278 637 2306 1318.

416 2324 479 2357 (xm
492 2323 551 2350 kal.
569 2323 639 2358 feb.)

406 2545 443 2571 21
459 2544 525 2579 jan.
549 2543 638 2572 1318.

420 2589 474 2624 (x11
487 2589 545 2616 kal.
564 2588 630 2622 feb.)

379 2706 392 2731 4
413 2703 496 2739 (kal.)
512 2704 566 2738 seb.
590 2702 644 2731 434
651 2703 679 2731 8.

357 2861 454 2897 6(V111
470 2862 521 2894 id.)
536 2862 589 2897 feb.
607 2862 695 2891 1318.

757 279 931 312 JOANNIS
954 280 1073 312 PAPAE
1093 279 1195 312 xxn.
1218 280 1466 322 (1818-1884).
1490 297 1529 302 -
1551 277 1738 309 LITTERAE
1760 277 1812 309 DE
1833 277 1959 309 cunm

810 468 921 501 8148.
939 489 978 495 -
991 471 1106 503 Ioanni
1123 470 1159 502 de
1173 469 1305 508 Amelio,
1323 470 1472 502 thesaur.
1492 469 1634 500 ducatus
1652 467 1826 508 spoletan.
1845 467 1878 499 et
1902 466 2050 499 aliarum
2066 469 2247 507 terrarum,
2261 468 2364 502 facul.

765 524 988 565 componendi
1005 526 1038 556 et
1053 524 1275 563 transigendi,
1292 523 1334 554 de
1349 531 1494 554 assensu
1509 529 1673 561 expresso
1691 521 1847 559 rectoris,
1866 528 1970 560 super
1988 521 2366 562 condempnationibus‚

764 579 873 618 poeuis
885 579 918 610 et
934 578 1071 609 mulctis
1085 586 1160 608 cum
1173 576 1331 616 personis
1343 576 1510 606 dictarum
1525 573 1687 614 partium.
1703 572 1754 611 (Α.
1771 573 1803 611 8,
1820 572 1844 606 f.
1863 574 1919 605 231
1935 577 1967 610 ⁸3
1979 573 2020 605 A.
2038 575 2088 612 10,
2100 573 2124 606 f.
2135 575 2197 607 421
2206 579 2236 613 ·;
2259 574 2296 607 V.
2312 577 2365 615 67,

764 640 817 672 ep.
834 633 885 668 25,
902 631 940 662 de
953 632 1034 668 cur.)

808 681 920 712 8149.
937 701 975 707 -
991 683 1149 715 Facultas
1163 682 1276 712 rectori
1288 680 1416 722 paroch.
1434 679 1507 711 eccl.
1524 690 1549 710 ε.
1567 679 1725 720 Stephani
1735 679 1923 717 Avinionen.
1939 680 2108 712 vendendi
2124 680 2214 714 bona
2228 681 2366 722 capellae

764 738 796 768 S.
815 738 860 768 M.
877 736 1083 776 Magdalenae
1103 744 1163 775 pro
1190 734 1334 766 emendo
1359 734 1432 766 loco
1458 733 1501 764 ad
1522 741 1645 764 novam
1666 732 1748 764 eccl.
1773 733 2049 766 construendam.
2068 734 2122 775 (A.
2143 735 2195 773 10,
2214 734 2239 767 f.
2257 735 2318 767 42⁷
2330 734 2366 774 b;

770 790 803 822 V.
818 792 869 827 67,
887 799 939 829 ep.
955 791 1006 826 32,
1023 788 1060 819 de
1076 798 1141 819 cur.
1154 797 1165 824 3
1181 787 1324 825 Coulon,
1342 796 1375 818 n.
1395 786 1484 827 464.)

809 840 918 871 8150.
934 860 973 866 --
990 842 1077 882 Εμο
1088 841 1274 878 Bononien.,
1286 840 1355 871 abb.
1366 844 1496 871 monast.
1507 850 1532 870 s.
1547 839 1680 870 Proculi
1690 839 1878 878 Bononiam,
1889 845 1919 872 et
1931 839 2051 872 archid.
2062 841 2234 873 Bononien.
2249 842 2365 874 mand.

764 899 799 928 ut
821 896 946 927 faciant
971 894 1106 926 restitui
1132 893 1220 925 bona
1248 902 1268 924 a
1288 893 1391 930 Zoen,
1419 901 1496 933 ep.o
1525 893 1698 931 Avinion.,
1725 901 1788 934 pro
1817 893 2066 926 sustentatione
2091 903 2154 926 vm
2176 903 2366 935 pauperum

763 949 945 981 scolarium
961 950 1069 979 Aven.
1084 947 1119 978 in
1133 947 1244 978 studio
1257 946 1444 978 Bononien.
1454 946 1491 978 in
1499 947 1705 978 testamento
1719 946 1832 987 legata
1847 946 1901 987 (A.
1916 948 1966 986 10,
1977 946 2000 978 f.
2014 948 2076 980 ⁴25
2086 952 2118 986 ¹3
2135 947 2172 979 V.
2186 949 2238 987 67,
2255 956 2310 989 ep.
2326 949 2366 980 27

762 1003 803 1034 Α.
828 1001 866 1032 de
880 1011 957 1039 curu,
977 1001 1118 1038 Coulon,
1136 1001 1164 1038 Ι,
1181 1009 1216 1032 n.
1233 1001 1318 1039 465.)

807 1052 903 1084 8151
911 1076 918 1083 .
938 1054 1039 1094 —g1d.
1054 1053 1167 1084 mand.
1177 1053 1282 1094 priori
1291 1052 1533 1084 Praedicatorum
1543 1057 1573 1084 et
1583 1052 1739 1094 yar-diano
1749 1052 1793 1084 M.
1808 1052 1844 1084 0.
1858 1053 1897 1084 F.
1911 1053 2085 1085 Bononien.
2098 1054 2151 1094 (A.
2166 1055 2216 1093 10,
2229 1054 2253 1086 f.
2265 1054 2366 1093 mn

768 1108 804 1140 V.
819 1110 870 1144 67,
887 1117 939 1148 ep.
958 1109 997 1138 27
1016 1108 1042 1139 Β
1061 1106 1098 1137 de
1115 1116 1201 1143 curn,
1218 1107 1261 1139 K.
1277 1106 1398 1144 Eube1‚
1414 1106 1633 1144 Bullarium..,
1649 1106 1692 1145 V,
1711 1116 1746 1148 p.
1763 1107 1833 1145 136,
1852 1116 1887 1139 n.
1904 1108 1990 1147 299.)

806 1158 917 1190 8152.
935 1178 972 1183 —-
998 1161 1025 1191 I.
1049 1169 1079 1191 e.
1100 1169 1146 1191 m.
1173 1160 1348 1200 potestati,
1373 1160 1561 1200 capitaneo,
1583 1160 1748 1197 ancianis,
1771 1161 1915 1193 consilio
1937 1162 1971 1192 et
1987 1161 2162 1193 communi
2176 1161 2366 1194 Bononien.

764 1214 816 1253 (A.
835 1216 883 1252 10,
902 1215 923 1244 f.
937 1215 997 1246 426
1010 1219 1043 1251 ²;
1068 1213 1103 1244 V.
1121 1215 1172 1250 67,
1190 1222 1243 1253 ep.
1257 1215 1296 1245 27
1315 1214 1340 1245 C
1357 1213 1395 1244 de
1407 1213 1488 1254 cur.)

806 1265 918 1296 8153.
944 1284 984 1289 -
998 1267 1111 1298 Mand.
1127 1266 1223 1297 Petro
1234 1267 1378 1308 prioris.
1397 1267 1551 1298 Antonini
1565 1266 1600 1299 0.
1617 1267 1654 1298 S.
1681 1267 1738 1305 A„
1754 1267 1925 1299 Eumenen.
1951 1267 2008 1306 di„
2026 1267 2095 1299 ΡΡ.
2109 1277 2193 1310 cap„
2209 1273 2240 1299 et
2251 1268 2372 1301 Joanm·

761 1320 798 1352 de
825 1331 850 1352 s.
880 1320 1053 1357 Guillelmo,
1069 1320 1226 1358 Anicien.‚
1248 1320 1341 1351 Petro
1363 1321 1449 1359 Albi,
1476 1320 1701 1359 Constantien„
1727 1326 1756 1352 et
1777 1321 1932 1352 Riccardo
1945 1320 1983 1352 de
1999 1321 2102 1360 Decio,
2121 1331 2146 1352 s.
2159 1321 2315 1363 Stephani
2334 1322 2368 1353 in

761 1374 868 1405 Brolio
887 1374 1088 1406 Mediolanen,
1107 1373 1181 1404 eccl.
1204 1384 1287 1412 can„
1305 1374 1364 1414 qui
1379 1375 1415 1405 in
1435 1374 1548 1406 locum
1565 1374 1670 1406 trium
1686 1375 1778 1406 eard.
1792 1374 1873 1406 aliis
1894 1374 2041 1415 negotiis
2057 1377 2297 1415 occupatorum
2312 1383 2367 1407 su-

760 1428 955 1468 brogantur,
985 1429 1024 1458 ut
1048 1428 1273 1467 pronuncient
1298 1429 1331 1459 et
1351 1428 1524 1459 declarent
1546 1429 1663 1460 utrum
1690 1428 1848 1460 nonnulli
1873 1428 1913 1460 de
1937 1429 2102 1460 comitatu
2116 1429 2308 1470 Venaysini
2324 1429 2368 1461 ad

760 1482 828 1513 ΡΡ.
846 1481 983 1521 pertin„
1004 1481 1159 1521 quaedam
1187 1481 1373 1521 allegantes
1398 1481 1589 1522 privilegia,
1616 1481 1768 1513 rationes
1785 1483 1818 1513 et
1834 1482 1923 1522 Jura‚
1949 1482 2019 1514 sint
2036 1482 2208 1514 immunes
2224 1491 2244 1515 a
2262 1490 2365 1523 praes-

761 1535 886 1567 tatione
905 1534 1051 1565 subsidii
1070 1535 1254 1574 praestandi
1273 1535 1309 1566 in
1324 1535 1434 1575 pretio
1449 1535 1613 1566 solvendo
1630 1544 1692 1575 pro
1707 1535 1769 1566 illa
1782 1537 1879 1575 parte
1901 1535 2005 1567 castri
2019 1536 2171 1568 Valriaci
2191 1536 2284 1568 infra
2296 1536 2367 1568 dic-

759 1590 832 1620 tum
842 1589 1039 1620 comitatum
1054 1588 1234 1619 Venaisini
1249 1589 1438 1626 constituti,
1456 1597 1475 1620 a
1488 1588 1566 1619 nob.
1582 1598 1614 1619 v.
1628 1588 1800 1629 Dalphino
1808 1589 1975 1620 Viennen.
1991 1592 2024 1620 et
2032 1589 2188 1621 Gnidone
2202 1589 2364 1630 Dalphini

761 1642 831 1672 d.ni
852 1641 1094 1672 Montisalbani
1118 1643 1242 1681 empta.
1259 1642 1313 1683 (A.
1331 1643 1380 1677 10,
1395 1642 1427 1682 if.
1452 1643 1512 1674 456
1525 1647 1559 1680 ’ς
1583 1642 1619 1674 V.
1637 1644 1690 1680 67.
1706 1651 1759 1682 ep.
1783 1644 1821 1674 73
1842 1642 1880 1673 de
1898 1651 1985 1679 cur.;
2001 1641 2130 1680 Coulon,
2154 1652 2188 1674 n.
2210 1644 2282 1679 469,
2302 1643 2367 1675 sub

762 1695 850 1726 falso
866 1695 970 1733 dato.)

806 1745 916 1777 8154.
936 1765 973 1770 --
991 1748 1168 1779 Limitatio
1190 1749 1388 1780 dioecesium
1416 1749 1668 1789 Petragoricen.
1693 1751 1728 1781 et
1744 1749 1911 1782 Sarlaten.
1932 1750 1987 1790 (A.
2011 1750 2107 1788 10‚.f.
2127 1751 2189 1782 426
2203 1749 2235 1788 ¹²3
2259 1750 2296 1782 V.
2312 1753 2364 1789 67,

762 1811 815 1841 ep.
830 1803 880 1838 30,
903 1801 941 1832 de
955 1811 1039 1839 cur.;
1059 1801 1189 1839 Coulon,
1206 1811 1240 1833 n.
1255 1804 1341 1841 470.)

806 1852 916 1884 8155.
943 1873 982 1878 -
994 1856 1108 1886 Mand.
1128 1855 1288 1896 archiep.o
1307 1856 1501 1888 Bracharen.
1519 1856 1667 1896 qualiter
1682 1856 1748 1887 ΡΡ.
1770 1856 1972 1888 intentionis
1987 1865 2056 1888 non
2072 1857 2187 1889 extitit
2204 1866 2265 1889 nec
2279 1857 2368 1890 exis-

763 1909 814 1946 tit,
831 1909 921 1948 quod
936 1918 996 1948 per
1013 1910 1176 1940 reservat.
1193 1909 1388 1940 collationis
1404 1909 1516 1941 benef.
1533 1910 1814 1941 dimittendorum
1830 1910 1867 1942 in
1881 1910 1998 1950 vigore
2009 1911 2144 1942 constit.
2159 1919 2263 1951 super
2274 1911 2364 1951 ipso·

762 1970 838 1992 rum
859 1962 1055 2001 pluralitate
1071 1971 1179 2002 nuper
1199 1962 1298 1994 editae
1314 1963 1348 1995 S.
1361 1963 1402 1995 A.
1416 1963 1554 2000 factam,
1565 1963 1736 2003 Dionysio
1746 1963 1819 2003 regi
1831 1962 2062 2003 Portugalliae,
2075 1963 2217 2004 ejusque
2230 1963 2366 1996 baroni·

761 2015 836 2050 bus,
850 2017 950 2055 atque
964 2015 1146 2050 militibus,
1161 2017 1195 2047 et
1210 2016 1287 2047 aliis
1294 2017 1552 2056 juspatronatus
1563 2016 1766 2048 habentibus
1775 2016 2011 2056 praejudicium
2022 2017 2162 2057 aliquod
2171 2018 2364 2057 generetur,

761 2070 794 2099 et
811 2068 887 2099 ideo
915 2069 1132 2099 Dominicum
1149 2069 1293 2100 Joannis
1319 2069 1362 2100 ad
1377 2069 1411 2101 S.
1428 2069 1616 2100 Salvatoris
1639 2069 1680 2101 de
1694 2069 1884 2106 Villacona,
1901 2071 1936 2101 et
1950 2069 2160 2110 Stephanum
2175 2070 2270 2102 Petri
2284 2070 2365 2103 cler.

762 2122 851 2161 regis
868 2122 909 2152 ad
924 2121 958 2152 S.
977 2122 1120 2153 Andreae
1141 2122 1181 2153 de
1198 2122 1358 2154 Tellones
1376 2123 1511 2162 paroch.
1534 2123 1615 2154 eccl.
1635 2123 1681 2155 di.
1699 2123 1916 2161 Bracharen.,
1938 2131 1998 2162 per
2014 2123 2120 2155 laicos
2138 2132 2238 2155 veros
2255 2125 2367 2164 patro-

762 2183 823 2205 nos
846 2175 984 2205 illarum
1006 2175 1158 2215 legitime
1182 2177 1418 2215 praesentatos,
1443 2185 1529 2216 quos
1550 2176 1661 2208 noluit
1685 2177 1728 2207 ad
1749 2176 1828 2207 illas
1851 2177 2030 2208 admittere
2053 2177 2296 2208 reservationis
2315 2185 2368 2209 oc·

761 2228 896 2259 casione
915 2228 1094 2267 praedictae,
1111 2229 1290 2260 admittere
1307 2238 1374 2261 non
1389 2230 1534 2261 omittat.
1552 2230 1604 2268 (Α.
1625 2231 1675 2267 10,
1691 2230 1716 2261 f.
1730 2231 1791 2262 455
1806 2229 1838 2266 ὓς
1861 2229 1899 2261 V.
1918 2231 1969 2267 67,
1985 2238 2037 2270 ep.
2057 2231 2107 2265 72,
2122 2230 2158 2260 de
2170 2230 2284 2270 curia.)

806 2278 918 2310 8156.
943 2300 981 2304 »-
1009 2282 1207 2318 Quittantiae
1234 2284 1333 2314 18412
1360 2283 1599 2314 turonensium
1622 2292 1821 2324 grossorum
1848 2283 1978 2324 argenti
1998 2284 2149 2315 Camerae
2165 2285 2285 2324 Apost.
2305 2292 2367 2324 per

763 2333 957 2365 Guillelmum
968 2344 1072 2375 epum
1088 2335 1270 2375 Majoricen.
1290 2336 1481 2369 solutorum
1497 2337 1538 2368 de
1556 2345 1690 2368 summa
1706 2337 1786 2368 2055
1807 2336 1867 2368 lib.
1885 2338 1918 2368 et
1936 2337 1975 2368 10
1994 2337 2184 2368 solidorum
2200 2337 2367 2377 regalium

761 2388 971 2427 majoricen.‚
983 2397 1085 2428 quam
1101 2397 1163 2428 pro
1179 2389 1289 2428 pretio
1307 2390 1374 2420 loci
1387 2390 1558 2429 quondam
1574 2390 1720 2421 fratrum
1736 2390 1807 2421 ord.
1819 2390 2026 2430 poenitentiae
2042 2390 2125 2421 Jesu
2145 2389 2273 2422 Christi
2289 2399 2367 2422 auc-

761 2441 898 2472 toritate
930 2441 1098 2473 Bonifacii
1131 2442 1197 2473 PP.
1225 2443 1308 2474 VIII
1335 2443 1407 2483 regi
1439 2443 1680 2483 Majoricarum
1708 2443 1838 2474 venditi
1866 2445 2050 2483 receperat.
2067 2443 2122 2483 (A.
2143 2445 2193 2481 10,
2210 2443 2234 2475 f.
2256 2445 2318 2476 424
2330 2448 2346 2466 ⁸
2354 2453 2365 2481 ;

767 2494 803 2526 V.
819 2495 871 2530 67,
884 2503 937 2534 ep.
957 2495 1008 2530 26,
1027 2494 1064 2525 de
1074 2496 1154 2533 cur.)

807 2544 918 2576 8157.
941 2565 978 2569 -
995 2548 1121 2579 Indult.
1137 2548 1281 2579 Arnaldo
1296 2549 1332 2580 S.
1350 2549 1516 2580 Eustachii
1531 2550 1617 2581 diac.
1629 2550 1720 2581 eard.
1732 2551 1770 2581 ut
1783 2549 2016 2582 confessorem
2027 2550 2153 2590 eligere
2167 2549 2290 2587 valeat,
2305 2550 2366 2591 qui

762 2609 840 2631 eum
858 2600 962 2632 etiam
980 2609 1082 2640 super
1100 2601 1144 2632 iis
1160 2601 1195 2632 in
1214 2602 1339 2642 quibus
1354 2605 1445 2635 esset
1461 2603 1495 2634 S.
1515 2604 1556 2635 A.
1573 2603 1782 2636 consulenda
1797 2602 1962 2635 absolvat.
1978 2603 2088 2644 (Α.10,
2101 2603 2124 2634 f.
2141 2605 2200 2635 436
2212 2608 2243 2641 ⁸3
2268 2602 2302 2635 V.
2312 2605 2366 2640 67,

762 2662 815 2693 ep.
831 2655 884 2691 45,
906 2653 944 2684 de
959 2653 1041 2694 cur.)

806 2704 917 2735 8158.
935 2723 974 2728 -
994 2707 1107 2738 Mand.
1127 2707 1284 2748 archiepa
1304 2709 1497 2740 Corinthien.
1513 2711 1551 2741 ut
1563 2709 1787 2750 pecuniarum
1801 2718 1967 2747 summas,
1981 2718 2043 2750 per
2057 2709 2222 2742 Jacobum
2237 2711 2271 2742 et
2284 2710 2365 2742 Bar·

760 2760 979 2792 tholomaeum
996 2760 1109 2800 ipsius
1126 2762 1393 2800 praedecessores
1408 2772 1550 2795 camerae
1561 2764 1670 2803 apost.
1687 2763 1831 2800 debitas,
1844 2763 1888 2795 ad
1896 2763 2051 2795 eamdem
2062 2763 2240 2795 cameram
2253 2765 2364 2795 trans-

761 2813 885 2845 mittat.
912 2814 964 2852 (A.
983 2814 1033 2851 10,
1053 2813 1077 2844 f.
1092 2815 1153 2845 426
1172 2813 1187 2835 b
1201 2823 1210 2851 ς
1230 2814 1265 2846 V.
1282 2817 1334 2851 67,
1350 2825 1404 2856 ep.
1421 2817 1473 2852 29,
1490 2815 1527 2847 de
1542 2817 1623 2856 cur.)

806 2863 917 2895 8159.
934 2884 973 2890 -
990 2867 1102 2898 Mand.
1121 2867 1279 2908 archiep.0
1296 2868 1427 2900 Januen.
1453 2871 1490 2901 ut
1513 2870 1695 2910 pecuniam
1716 2870 1758 2902 de
1778 2869 1910 2901 decima
1927 2869 2081 2902 omnium
2099 2870 2296 2902 reddituum
2309 2879 2364 2902 ec-

762 2919 912 2952 clesiast.
931 2928 950 2951 a
965 2919 1138 2952 Clemente
1153 2920 1222 2952 ΡΡ.
1234 2921 1276 2958 V,
1295 2921 1331 2953 in
1343 2922 1557 2955 Lomhardiae
1568 2924 1602 2955 et
1610 2923 1743 2956 Tusciae
1757 2922 1913 2963 partibus
1923 2931 1985 2963 per
1996 2931 2059 2955 sex
2067 2931 2174 2956 annos
2187 2923 2361 2964 imposita,
