2592 3562
1846 0 1859 7 Π
1906 0 1952 12 ψ
1959 0 2122 22 ·‘r‘.1⁵>;-·Wrs.1;2.
2137 5 2142 8 -

361 326 423 357 448
773 325 948 358 JOANNIS
970 325 1090 358 PAPAE
1111 326 1213 358 XXII.
1239 328 1490 367 (1316-1884).
1514 345 1552 351 —
1573 327 1762 359 LITTERAE
1785 327 1836 358 DE
1858 326 1982 359 CURIA

392 417 496 445 Datum
516 411 703 446 Avenione.

435 519 477 547 22
490 527 553 556 apr.
576 519 665 548 1319.
838 517 971 550 10164.
991 539 1030 544 -—
1052 521 1280 553 constituitur
1297 530 1392 562 perp.
1408 520 1569 558 vicarius,
1586 529 1646 561 per
1663 528 1777 561 ep.um
1796 519 2004 551 Avenionen.
2022 519 2256 551 instituendus
2268 519 2304 551 in
2319 527 2394 560 par·

445 568 472 597 (¹
486 564 545 592 ¹¹⁸¹·
563 564 658 600 maii.)
791 573 882 606 roch.
899 574 980 606 eccl.
996 574 1038 606 de
1048 574 1258 606 castronovo
1270 574 1489 611 Calcernerii,
1504 574 1714 605 Avenionen.
1731 573 1791 610 (11,,
1803 581 1930 605 mensae
1942 573 2048 613 episc.
2065 573 2276 605 Avenionen.
2286 572 2395 610 unita,

791 628 823 659 et
847 627 1040 668 assignatur
1065 627 1096 658 ei
1118 628 1272 667 quaedam
1294 627 1406 668 portio
1429 636 1490 667 pro
1509 626 1638 658 vicaria
1661 628 1694 658 et
1720 626 1968 658 sustentatione
1985 634 2059 658 sua.
2087 626 2140 665 (Α.
2166 627 2216 662 19.
2239 625 2264 658 f.
2285 627 2346 658 514
2363 631 2394 664 ⁸3

795 680 832 712 V.
849 683 899 717 74,
916 689 968 720 ep.
984 682 1024 712 46
1039 680 1074 711 de
1089 681 1169 721 cur.)

373 733 392 761 6
407 737 440 769 (11
459 733 624 770 non.)ma2'i
637 733 724 762 1319.
838 730 971 762 10165.
999 750 1038 756 -
1064 733 1166 775 Mayq.
1187 733 1364 764 Bertrando
1391 732 1428 764 de
1453 731 1687 764 Montevalrano
1709 737 1737 763 et
1762 732 1854 763 Petro
1877 732 2011 764 Dav-anti
2036 732 2138 765 facul.
2166 731 2394 773 compellendi

790 795 881 826 pers.
894 787 1082 818 ecclesiast.
1092 788 1162 818 tam
1173 787 1348 828 regulares
1361 795 1462 827 quam
1473 786 1586 817 saecul.
1600 786 1635 817 in
1649 785 1850 826 Maguntin.‚
1862 785 2038 818 Colonien.
2048 787 2081 818 et
2093 786 2276 818 Treveren.
2286 785 2394 824 civit..
2460 792 2462 795 ·
2523 778 2551 809 ’ἶ

791 840 837 872 di.
852 841 885 872 et
899 840 1086 880 provinciis
1102 840 1329 872 consistentes
1344 840 1387 871 ad
1402 839 1623 871 revelandum
1640 838 1790 870 valorem
1809 838 1921 870 benef.
1939 847 2091 871 suorum.
2108 839 2162 880 (A.
2181 841 2231 876 11,
2250 839 2274 871 f.
2291 840 2348 871 531
2361 843 2392 876 ·;

796 893 832 924 V.
849 894 900 930 69,
919 901 971 933 ep.
990 894 1046 925 101
1062 893 1098 924 de
1115 894 1194 932 cur.)

510 947 545 975 Ut
561 956 585 975 s.
836 943 971 975 10166.
990 963 1030 969 —-
1045 946 1171 977 Eisdem
1186 946 1305 976 nunciis
1322 945 1540 985 responditur
1560 945 1602 975 ad
1623 944 1778 984 quaedam
1804 944 1908 975 dubia
1930 944 1972 975 ab
1992 944 2079 984 ipsis
2097 944 2199 985 Papae
2219 945 2396 985 proposita

790 1000 831 1031 de
851 999 1019 1030 fructibus
1040 1000 1143 1039 primi
1160 1000 1241 1031 anni
1261 999 1373 1031 benef.
1393 999 1445 1037 (A.
1467 1000 1516 1035 11,
1536 998 1557 1029 t'.
1575 999 1632 1029 491
1652 997 1681 1034 ¹³;
1703 996 1738 1028 V.
1755 999 1807 1035 69,
1823 1006 1875 1038 ep.
1895 999 1955 1030 109
1970 997 2008 1028 de
2023 998 2103 1038 cur.)

375 1054 465 1087 10(νι
480 1053 533 1086 id.)
550 1054 618 1081 maii
634 1053 722 1082 1319.
836 1050 969 1082 10167.
995 1070 1035 1076 -
1060 1053 1199 1084 Litterae
1224 1051 1507 1084 commendatitiae
1534 1060 1595 1091 pro
1623 1050 1752 1082 eisdem
1779 1051 1928 1082 nunciis.
1952 1050 2003 1090 (Α.
2035 1052 2084 1089 11,
2109 1051 2133 1082 f.
2153 1052 2210 1083 531
2233 1056 2263 1089 ⁸;
2286 1050 2324 1083 V.
2341 1052 2394 1089 69,

789 1115 842 1147 ep.
864 1108 923 1138 102
937 1105 974 1137 de
992 1106 1073 1146 cur.)

399 1159 437 1188 15
449 1159 514 1194 (id.)
526 1160 593 1187 maii
607 1159 696 1188 1319.
835 1157 970 1189 10168.
987 1177 1026 1182 -
1043 1158 1126 1200 May.
1140 1159 1332 1200 Berenqario
1346 1158 1383 1189 de
1395 1158 1541 1199 Olarqiis,
1552 1157 1704 1189 thesaur.
1719 1157 1800 1189 eccl.
1815 1158 1995 1196 Biterren.‚
2011 1158 2114 1198 Papae
2128 1166 2214 1198 cap„
2233 1156 2394 1190 scribitur

789 1214 871 1254 quid
887 1222 985 1254 agere
1003 1212 1123 1245 debeat
1138 1222 1215 1244 cum
1232 1213 1378 1244 Mathaeo
1397 1212 1438 1243 de
1454 1211 1624 1243 Varennis
1641 1211 1772 1243 ratione
1789 1211 1963 1251 galearum
1985 1211 2051 1243 eid.
2072 1211 2216 1244 Mathaeo
2235 1211 2395 1244 commis-

789 1276 917 1299 sarum.
936 1268 989 1306 (A.
1005 1268 1054 1305 11,
1068 1267 1091 1298 f.
1107 1268 1164 1299 531
1181 1266 1210 1303 ¹²3
1237 1266 1269 1296 V.
1285 1267 1337 1303 69,
1354 1274 1405 1305 ep.
1424 1265 1482 1296 103
1499 1264 1535 1295 de
1551 1274 1635 1302 cur.;
1658 1263 1788 1302 Coulon,
1806 1270 1843 1295 ιιο
1856 1265 1942 1304 865.)

432 1319 472 1347 23
486 1310 555 1347 maii
572 1318 659 1347 1319.
835 1317 970 1349 10169.
988 1338 1027 1343 -
1044 1320 1205 1357 Quaedam
1220 1319 1434 1350 declarantur
1452 1327 1554 1358 super
1567 1318 1767 1349 collectione
1785 1317 1958 1350 fructuum
1976 1318 2080 1358 primi
2095 1318 2176 1350 anni
2190 1317 2302 1351 benef.
2317 1326 2392 1352 vac.

443 1367 478 1399 (Χ
497 1364 556 1392 kal.
573 1364 650 1401 jum)
789 1384 805 1404 «
823 1374 908 1405 Cum
921 1371 1093 1405 nonn'ullae
1106 1382 1296 1413 personae...
1315 1382 1331 1403 »
1346 1373 1398 1410 (A.
1419 1373 1467 1409 11,
1486 1372 1509 1402 f.
1524 1373 1584 1404 574
1597 1371 1629 1408 b;
1653 1371 1685 1401 V.
1694 1373 1746 1407 69,
1761 1380 1813 1411 ep.
1833 1373 1892 1403 169
1908 1371 1945 1402 de
1960 1381 2046 1410 cur.;
2065 1370 2192 1413 Corpus
2196 1371 2285 1413 juris
2300 1381 2393 1404 cano-

789 1428 862 1464 nici.
879 1428 1061 1468 Extravag.
1078 1436 1262 1463 commun..
1279 1426 1337 1457 lib.
1356 1425 1420 1463 III,
1437 1426 1490 1457 tit.
1503 1425 1548 1463 11,
1567 1434 1639 1465 cap.
1661 1425 1741 1465 ΧΠ.)

504 1480 541 1508 Ut
557 1488 580 1508 s.
834 1478 969 1510 10170.
989 1497 1028 1502 -
1043 1480 1258 1520 Pedagiariis
1271 1481 1304 1510 et
1320 1478 1520 1510 custodibus
1535 1487 1701 1519 passuum
1717 1480 1750 1510 et
1764 1481 1924 1519 portuum
1941 1481 2234 1520 quorumcumque
2250 1488 2312 1520 per
2325 1481 2392 1512 ter—

787 1544 858 1566 ram
875 1536 908 1566 et
930 1543 1052 1574 aquam
1074 1533 1269 1565 constitutis
1288 1533 1402 1564 mand.
1427 1534 1465 1564 ut
1486 1533 1742 1572 Raymundum,
1769 1533 1812 1564 el.
1832 1532 2074 1570 Colombrien.,
2097 1534 2131 1565 et
2154 1533 2330 1566 Amelium
2349 1533 2392 1566 dc
2451 1567 2454 1569 ,

786 1588 944 1626 Beronia‚
969 1597 1041 1619 can.
1069 1587 1253 1622 Turonen.,
1277 1595 1315 1617 ac
1332 1586 1575 1626 Raymundum
1599 1586 1639 1618 de
1666 1587 1776 1623 Serra,
1803 1588 1970 1618 rectorem
1996 1587 2134 1627 paroch.
2156 1587 2198 1619 de
2217 1587 2390 1627 Marinhii,

786 1642 932 1675 Ruthen.
957 1642 1016 1678 di.,
1040 1641 1134 1678 eccl..
1161 1640 1303 1671 nuncios
1324 1640 1359 1670 in
1378 1640 1557 1680 Hispania,
1577 1640 1688 1671 eundo
1705 1641 1738 1671 et
1753 1640 1925 1671 redeundo
1943 1640 2050 1673 libere
2067 1640 2162 1672 abire
2179 1642 2214 1672 et
2229 1640 2390 1680 transire,

786 1695 860 1726 sine
876 1695 1026 1735 cujusvis
1046 1694 1222 1725 exactione
1240 1693 1386 1733 pedagii,
1405 1694 1615 1733 permittant.
1630 1693 1685 1734 (A.
1704 1696 1752 1730 11,
1771 1694 1792 1724 f.
1807 1695 1867 1725 565
1886 1699 1916 1731 Β;
1938 1694 1975 1725 V.
1995 1696 2047 1730 69,
2065 1703 2118 1735 ep.
2138 1695 2197 1726 178
2212 1693 2250 1725 de
2267 1695 2348 1735 cur.)

503 1747 539 1775 Ut
556 1755 580 1775 s.
832 1746 964 1777 10171.
984 1766 1022 1770 -
1039 1747 1237 1788 Supradictis
1251 1747 1373 1777 nunciis
1386 1747 1499 1778 mand.
1517 1748 1555 1778 ut
1570 1746 1612 1778 ab
1627 1756 1703 1786 ep.o
1719 1747 1914 1778 Zamorren.
1931 1749 2026 1779 2000
2040 1748 2114 1779 flor.
2132 1748 2207 1779 auri
2223 1748 2264 1780 de
2275 1747 2390 1780 tertiis

785 1802 994 1833 decimarum
1013 1802 1048 1832 in
1065 1801 1138 1832 suis
1156 1801 1247 1832 civit.
1265 1803 1297 1832 et
1319 1801 1365 1831 di.
1383 1801 1601 1832 collectarum
1622 1801 1759 1841 exigant
1777 1802 1810 1832 et
1830 1787 1907 1832 eum
1929 1801 2085 1841 quittent.
2101 1801 2156 1842 (A.
2178 1804 2226 1838 11,
2245 1801 2269 1833 f.
2287 1802 2389 1840 5653

789 1855 825 1886 V.
843 1857 893 1890 69,
910 1864 962 1894 ep.
981 1857 1038 1886 179
1053 1854 1089 1885 de
1103 1856 1181 1893 cur.)

502 1908 537 1935 Ut
556 1917 579 1935 s.
830 1907 963 1938 10172.
981 1926 1020 1931 —
1034 1908 1157 1941 Salvus
1172 1917 1312 1939 securus
1328 1908 1513 1940 conductus
1530 1917 1590 1948 pro
1606 1908 1678 1939 eisd.
1693 1908 1826 1938 nunciis.
1840 1908 1894 1948 (A.
1910 1910 1960 1944 11,
1976 1908 1999 1939 f.
2016 1909 2076 1940 565
2093 1913 2125 1945 *ς
2146 1908 2182 1940 V.
2196 1910 2248 1946 69,
2262 1917 2315 1949 ep.
2331 1908 2391 1941 180

784 1962 821 1993 de
834 1973 898 1993 cur.

502 2015 538 2043 Ut
555 2023 578 2043 s.
831 1965 965 2044 101)73.
986 2032 1022 2038 -
1040 2015 1200 2045 Praedictz‘s
1215 2015 1335 2045 nunciis
1353 2023 1445 2046 conc.
1461 2016 1613 2055 potestas
1631 2014 1831 2046 absolvendi
1851 2015 1932 2046 illos
1951 2015 2020 2055 qui,
2042 2015 2174 2047 fructus
2190 2015 2293 2055 primi
2306 2015 2389 2048 anni

783 2069 893 2101 benef.
910 2078 981 2100 vac.
999 2069 1034 2100 in
1050 2069 1217 2106 Castellae‚
1235 2069 1394 2108 Legionis
1410 2070 1442 2100 et
1458 2068 1662 2108 Portugaliae
1677 2069 1792 2108 regnis
1806 2077 1872 2100 non
1891 2069 2073 2105 solventes,
2091 2068 2133 2100 ab
2150 2069 2238 2108 ipsis
2253 2069 2388 2102 nunciis

783 2123 1067 2154 excommunicati
1090 2122 1237 2159 fuerunt,
1263 2131 1393 2153 necnon
1418 2122 1640 2161 dispensandi
1663 2130 1738 2152 cum
1759 2122 1810 2153 eis
1828 2130 1931 2161 super
1948 2122 2199 2161 irregularitate
2220 2131 2322 2162 quam
2337 2122 2388 2155 sic

783 2176 1067 2208 excommunicati
1084 2176 1199 2206 divina
1214 2175 1425 2206 celebrantes
1439 2177 1689 2207 contraxerunt.
1708 2175 1759 2214 (A.
1779 2178 1828 2213 11,
1846 2175 1868 2206 f.
1881 2177 1940 2207 565
1956 2175 1986 2211 b;
2004 2174 2037 2205 V.
2051 2177 2103 2210 69,
2117 2184 2170 2215 ep.
2186 2176 2239 2207 181
2256 2175 2294 2206 de
2308 2176 2388 2215 cur.)

496 2229 532 2257 Ut
558 2238 581 2257 s.
829 2227 962 2258 10174.
982 2248 1018 2253 —
1038 2229 1128 2259 Eisd.
1144 2229 1261 2259 nuntiis
1277 2220 1496 2268 responditur
1512 2229 1553 2260 ad
1569 2229 1711 2260 dubium
1725 2229 1814 2260 circa
1825 2229 2060 2260 collectionem
2074 2229 2246 2260 fructuum
2262 2228 2388 2262 officio·

782 2293 855 2314 rum
875 2285 1020 2314 monast.
1038 2283 1127 2314 infra
1140 2285 1248 2313 terras
1267 2285 1298 2314 et
1315 2291 1418 2322 regna
1434 2283 1469 2313 in
1490 2282 1614 2322 quibus
1632 2282 1783 2322 deputati
1802 2284 1880 2313 sunt
1896 2282 2094 2313 collectores
2110 2283 2386 2315 consistentium.

783 2338 834 2375 (A.
855 2338 903 2372 11,
925 2337 948 2367 f.
966 2338 1026 2368 565
1040 2336 1069 2371 ὓς
1092 2335 1125 2366 V.
1141 2338 1191 2372 69,
1209 2345 1260 2375 ep.
1283 2337 1341 2367 182
1358 2336 1395 2367 de
1408 2337 1488 2374 cur.)

499 2389 535 2417 Ut
551 2398 574 2416 s.
827 2387 962 2418 10175.
982 2408 1017 2413 —
1035 2389 1125 2420 Eisd.
1143 2390 1262 2419 nunciis
1282 2390 1394 2420 mand.
1413 2391 1449 2420 ut
1465 2389 1771 2420 subcollectoribus
1786 2398 1847 2429 per
1865 2397 1923 2420 eos
1941 2389 2113 2429 deputatis
2128 2389 2259 2420 fructus
2272 2388 2387 2421 benef.

781 2452 922 2475 suorum
938 2443 1067 2483 integre
1082 2443 1207 2474 faciant
1221 2443 1410 2474 ministrari
1427 2443 1556 2482 absque
1571 2442 1758 2473 residentia
1772 2451 1848 2474 cum
1861 2442 1968 2482 eJusd.
1985 2442 2197 2474 collectionis
2213 2443 2388 2483 negotium

781 2498 1041 2537 prosequentur.
1060 2496 1112 2536 (A.
1131 2498 1178 2532 11,
1198 2496 1220 2527 f.
1237 2498 1296 2528 566
1310 2502 1341 2533 ³3
1370 2496 1403 2527 V.
1427 2498 1478 2531 69,
1495 2505 1548 2536 ep.
1568 2497 1627 2527 183
1642 2495 1680 2526 de
1694 2497 1773 2532 cur.)

497 2548 533 2576 Ut
553 2557 577 2576 s.
828 2548 962 2579 10176.
979 2567 1017 2572 —
1028 2549 1118 2580 Eisd.
1137 2549 1256 2580 nunciis
1277 2550 1389 2581 mand.
1407 2552 1444 2581 ut
1460 2559 1496 2581 se
1512 2550 1698 2581 informent
1713 2551 1746 2581 et
1761 2549 1910 2581 referant
1929 2558 2004 2589 quae
2021 2549 2174 2589 pecuniae
2190 2555 2326 2581 summa
2339 2550 2388 2582 sit

781 2604 922 2636 collecta
938 2604 979 2635 de
998 2603 1128 2634 decima
1152 2612 1213 2643 pro
1232 2604 1344 2635 Terrae
1360 2604 1491 2635 Sanctae
1510 2603 1665 2634 subsidio
1682 2603 1717 2633 in
1733 2602 2056 2642 Compostellanen.‚
2073 2602 2221 2642 Ispalen.
2239 2604 2273 2635 et
2287 2602 2387 2635 Tole-

779 2658 849 2688 tan.
867 2657 1063 2697 provinciis,
1081 2657 1114 2688 et
1128 2657 1218 2696 apud
1236 2665 1322 2696 quos
1338 2657 1493 2696 deposita
1509 2656 1612 2687 fuerit
1627 2656 1772 2696 pecunia
1785 2656 1958 2696 praedicta.
1974 2655 2027 2695 (A.
2041 2657 2091 2690 11,
2109 2655 2132 2686 f.
2148 2657 2208 2688 566
2224 2655 2253 2693 ¹¹3
2277 2655 2314 2687 V.
2332 2656 2385 2692 69,

781 2719 833 2750 ep.
853 2711 912 2742 184
925 2710 962 2741 de
974 2710 1055 2748 cur.)

423 2762 464 2789 27
480 2763 548 2790 maii
562 2762 649 2790 1319.
826 2761 961 2792 10177.
975 2781 1015 2786 —-
1029 2763 1208 2794 Atrebaten.
1226 2767 1255 2793 et
1268 2763 1440 2794 Bononien.
1454 2764 1544 2804 ep.z's‚
1563 2773 1598 2793 ac
1617 2772 1697 2803 may.
1715 2762 1878 2803 Aymerz'co
1894 2762 1930 2792 de
1949 2761 2135 2793 Castrolucii
2151 2762 2191 2792 A.
2208 2761 2244 2793 S.
2264 2761 2386 2793 nunciis

433 2808 476 2843 (V1
489 2807 547 2834 ¹¹³¹·
562 2807 638 2844 jun.)
779 2818 892 2848 mand.
907 2819 944 2848 ut
959 2818 1075 2857 petant
1092 2818 1250 2856 computa
1264 2817 1304 2848 de
1324 2825 1458 2847 summa
1473 2818 1586 2848 19.000
1602 2816 1675 2847 flor.
1692 2816 1767 2847 auri
1789 2816 1830 2847 de
1846 2815 2069 2855 proventibus
2083 2815 2176 2846 civit.
2190 2815 2382 2847 Ferrarien.

780 2871 932 2908 collecta,
952 2872 986 2902 et
1003 2879 1023 2901 a
1040 2870 1214 2902 Clemente
1231 2870 1297 2900 PP.
1317 2871 1346 2901 V
1362 2870 1531 2901 destinata
1548 2871 1590 2901 ad
1613 2869 1784 2909 stipendia
1806 2869 1969 2900 solvenda
1985 2868 2192 2900 officialibus
2207 2870 2241 2900 et
2257 2869 2384 2909 stipen-

779 2924 899 2955 diariis
915 2926 983 2955 tam
1000 2923 1173 2963 peditibus
1189 2932 1288 2963 quam
1317 2923 1501 2963 equitibus,
1528 2924 1586 2963 qui
1607 2933 1626 2954 a
1644 2925 1797 2962 tempore
1815 2931 1880 2962 quo
1903 2922 1979 2962 ipsa
1993 2921 2115 2953 civitas
2132 2922 2174 2953 ad
2190 2921 2382 2954 dominium

778 2978 817 3008 E.
835 2978 876 3009 R.
894 2977 1052 3014 redierat,
1075 2977 1108 3007 in
1130 2977 1241 3016 ipsius
1257 2977 1349 3008 civit.
1369 2979 1402 3008 et
1418 2977 1491 3016 ejus
1511 2977 1688 3008 districtus
1710 2976 1865 3007 custodia
1881 2975 2083 3007 servierant.
2100 2976 2154 3016 (A.
2171 2978 2219 3012 11,
2238 2975 2260 3006 f.
2277 2976 2336 3007 493
2350 2979 2381 3013 ¹3

786 3030 817 3060 V.
836 3032 885 3067 69,
904 3039 956 3070 ep.
978 3031 1036 3061 118
1051 3030 1088 3061 de
1104 3030 1186 3070 cur.)
