2592 3562
383 343 446 374 442
793 337 966 370 JOANNIS
990 337 1110 369 PAPAE
1131 336 1233 368 XXII.
1259 337 1510 378 (1316-1884).
1533 354 1572 360 —
1592 337 1780 369 LITTERAE
1803 338 1855 369 DE
1876 337 2001 370 CURIA

417 433 522 461 Datum
537 426 720 463 Avenione.

810 531 938 563 dientia
955 531 988 562 S.
1015 531 1055 562 A.
1076 530 1244 561 declinare
1267 528 1443 570 contingit,
1470 537 1575 569 penes
1595 529 1709 569 ipsum
1732 530 1954 562 custodienda
1978 530 2174 566 commissa,
2197 531 2410 572 quaequidem

809 584 898 616 bona
924 584 969 615 id.
995 584 1099 624 prior,
1127 583 1206 614 licet
1223 582 1354 622 pluries
1368 582 1568 623 requisitus,
1587 583 1728 615 reddere
1753 583 1943 624 denegavit.
1961 584 2014 624 (A.
2046 586 2096 622 11,
2116 583 2139 615 f.
2157 585 2219 617 5¹0
2238 589 2270 622 ⁸;
2300 584 2338 617 V.
2358 586 2412 624 69.
2498 591 2526 627 «5

810 646 863 678 ep.
881 639 920 668 48
935 637 971 668 de
989 643 1070 671 cur.)
2478 627 2528 679 ρξ

452 696 494 723 22
511 703 574 724 nov.
593 694 681 723 ¹318.
855 688 990 720 10079.
1006 706 1046 713 -
1061 688 1190 720 Eisdem
1212 689 1325 721 mand.
1341 690 1378 721 ut
1395 680 1557 730 potestati
1571 689 1664 721 civit.
1683 689 1875 722 Feri-arien.
1888 689 2165 730 Jurisdictionem
2181 690 2412 731 spiritualem,

468 740 499 776 (X
518 740 578 768 kal.
595 739 671 776 dec.)
809 746 844 776 in
859 744 1096 776 fulcimentum
1112 742 1324 782 temporalis,
1339 743 1562 774 committant.
1585 742 1637 782 (A.
1658 744 1706 779 11,
1721 742 1822 775 ἰ..489
1838 742 1870 781 ¹⁸3
1894 743 1930 775 V.
1946 745 1998 782 69,
2015 752 2068 784 ep.
2083 745 2124 776 50
2135 743 2173 775 de
2189 745 2270 786 cur.)

530 801 564 829 Ut
579 809 606 829 -s.
856 794 988 827 10080.
1010 813 1049 819 -
1075 796 1274 828 Declaratur
1295 795 1463 828 relaxatio
1482 796 1653 828 interdicti
1671 796 1726 827 cui
1747 795 1855 832 civit..
1872 797 1984 829 castra
2003 798 2037 828 et
2058 797 2133 829 loca
2155 797 2349 830 Constantii
2371 797 2414 832 de
2475 794 2525 838 ᾗ,

808 851 920 885 Ulmo,
945 850 1030 881 civis
1048 850 1264 889 Pergamon„
1290 849 1510 890 subJ‘acebant
1532 858 1575 881 ex
1598 858 1637 880 eo
1665 849 1756 889 quod
1772 858 1850 881 cum
1870 849 1912 882 cl.
1932 858 1997 882 me.
2023 850 2207 890 Henricus,
2225 851 2414 892 imperator
2452 863 2468 898 ’ρ

807 907 886 936 tunc
903 905 1137 936 Romanorum
1154 911 1227 940 rex,
1247 903 1290 934 ad
1311 904 1426 944 partes
1438 902 1546 934 Italiae
1564 902 1604 934 de
1623 902 1656 934 S.
1677 903 1718 934 Α.
1740 902 1953 943 beneplacito
1975 904 2160 940 accederet,
2178 906 2213 936 et
2227 904 2414 937 Mathaeum
2505 897 2525 942 J<

807 957 1050 989 Vicecomitem
1074 956 1240 988 vicariurn
1265 965 1366 988 suum
1393 956 1578 988 Mediolani
1602 955 1851 994 constituisset,
1874 956 1987 988 dictus
2012 956 2177 989 Mathaeus
2202 957 2267 989 sub
2290 957 2414 991 umbra
2459 979 2462 982 -

806 1011 991 1042 vicariatus
1007 1010 1074 1048 sui,
1088 1009 1225 1050 publica
1240 1018 1363 1051 guerra
1376 1011 1478 1046 mota,
1499 1018 1529 1040 n.
1551 1018 1582 1040 v.
1603 1009 1846 1049 Philipponum
1864 1010 2024 1041 comitem
2039 1009 2080 1042 de
2099 1002 2276 1051 Langusco
2290 1012 2324 1044 et
2337 1011 2414 1052 plu·
2445 1049 2448 1050 ρ

806 1073 861 1095 res
880 1063 1021 1095 familiae
1041 1063 1081 1095 de
1098 1063 1148 1094 La
1165 1063 1286 1101 Turre,
1312 1064 1345 1095 et
1368 1071 1530 1103 sequaces
1552 1070 1683 1099 eorum,
1703 1063 1745 1094 R.
1765 1062 1805 1094 Ε.
1821 1062 1974 1100 devotos,
1994 1063 2122 1095 carceri
2141 1063 2360 1104 mancipavit,
2377 1065 2414 1098 et

806 1117 913 1148 adhuc
930 1117 1058 1148 detinet
1073 1116 1274 1156 captivatos,
1289 1125 1375 1157 quos
1390 1116 1526 1147 restitui
1544 1123 1707 1147 recusans
1723 1124 1761 1147 ac
1776 1117 1935 1147 asserens
1951 1124 2028 1148 reos
2048 1124 2125 1148 esse
2141 1117 2264 1148 mortis
2279 1117 2322 1149 de
2337 1116 2413 1151 sola
2431 1146 2436 1148 .

806 1180 866 1202 sua
885 1170 1121 1202 misericordia
1138 1169 1333 1202 reservabat
1349 1170 1391 1201 ad
1407 1169 1525 1200 vitam.
1548 1168 1634 1200 Cum
1657 1170 1771 1200 autem
1786 1172 1927 1200 vacante
1952 1169 2098 1209 imperio
2116 1170 2159 1201 ad
2179 1170 2248 1202 ΡΡ.
2276 1167 2412 1211 punitio

805 1224 1028 1264 captivorum,
1047 1224 1077 1255 si
1092 1223 1328 1263 deliquissent,
1351 1223 1545 1263 pertineret,
1570 1222 1635 1253 ΡΡ.
1663 1223 1780 1254 Asten.
1805 1223 1837 1253 et
1857 1222 2000 1254 Cuman.
2024 1222 2113 1263 ep.is
2134 1223 2357 1257 mandaverat
2372 1226 2412 1258 ut
2436 1236 2439 1238 ’

805 1278 986 1310 Mathaeum
1002 1277 1200 1309 inducerent
1218 1276 1261 1308 ad
1275 1276 1428 1316 captivos
1443 1275 1648 1307 relaxandos
1654 1285 1664 1312 ς
1684 1276 1775 1316 quod
1794 1284 1871 1307 cum
1894 1275 1940 1308 id.
1958 1275 2123 1308 Mathaeus
2145 1276 2256 1309 facere
2270 1285 2341 1321 non
2353 1286 2412 1311 cu·-

804 1332 942 1368 raverit‚
961 1331 1043 1362 dicti
1058 1330 1127 1370 ep.i
1144 1339 1273 1362 excom.
1291 1332 1323 1361 et
1344 1329 1517 1361 interdicti
1535 1329 1724 1360 sententias
1741 1329 1777 1360 in
1792 1329 2019 1361 Mediolanen.
2036 1330 2130 1362 civit.
2149 1331 2184 1362 et
2198 1330 2358 1364 districtu
2376 1332 2412 1366 et
2512 1362 2519 1374 ,ρ

804 1385 907 1416 terris
922 1384 1057 1416 Mathaei
1077 1393 1114 1415 ac
1131 1383 1302 1415 fautorum
1316 1391 1457 1414 suorum
1473 1382 1635 1414 tulerunt.
1654 1382 1876 1414 Constantius
1893 1391 1974 1414 vero
1995 1383 2036 1415 de
2052 1382 2154 1415 Ulmo
2171 1384 2411 1424 praedictusse
2448 1419 2453 1425 ,f

805 1439 838 1470 et
860 1438 991 1470 incolas
1008 1446 1149 1469 suarum
1168 1438 1337 1468 terrarum
1354 1436 1396 1467 ab
1418 1435 1612 1468 obedientia
1632 1435 1715 1467 dicti
1732 1435 1866 1467 Mathaei
1888 1435 2064 1474 subduxit,
2090 1437 2207 1478 sicque
2230 1437 2410 1478 praeratum

804 1492 1021 1524 interdictum
1036 1491 1147 1531 quoad
1161 1492 1272 1522 terras
1287 1490 1368 1521 dicti
1383 1489 1575 1521 Constantii
1590 1489 1778 1522 relaxatum
1793 1489 1997 1521 declaratur.
2013 1490 2068 1530 (A.
2085 1492 2134 1529 11,
2146 1490 2170 1522 f.
2183 1491 2285 1528 486=;
2303 1490 2342 1553 V.
2353 1492 2408 1564 00,

804 1555 856 1586 ep.
872 1547 930 1577 138
948 1545 985 1576 de
1000 1555 1085 1582 curu,
1078 1545 1170 1575 ·Riez
1173 1543 1227 1581 ler,
1243 1543 1487 1575 Vatikanische
1502 1543 1624 1582 Akten,
1642 1552 1674 1574 n.
1693 1543 1777 1583 138.)
2496 1533 2520 1552 ’ᾧ

400 1582 402 1584 V
444 1600 485 1627 26
505 1608 567 1628 nov.
588 1599 676 1628 1318.
851 1596 984 1627 10081.
998 1617 1037 1621 -
1054 1598 1119 1638 Ep.
1123 1608 1139 1628 o
1164 1597 1316 1628 Valentia.
1332 1597 1443 1628 mand.
1457 1597 1493 1628 ut
1507 1596 1674 1628 instanter
1688 1596 1839 1636 requirat
1850 1604 1937 1637 mag.
1950 1597 2022 1628 ord.
2037 1573 2248 1630 Calan-aven.
2267 1584 2307 1630 u't
2318 1596 2411 1632 insta
2441 1602 2443 1604 ’
2471 1578 2538 1606 μ

455 1644 497 1680 (V1
515 1645 575 1672 kal.
594 1645 670 1681 dee.)
804 1654 933 1684 certum
950 1652 1135 1683 terminum
1151 1651 1192 1682 ad
1203 1652 1352 1682 castrum
1368 1650 1408 1681 de
1425 1649 1794 1687 Montesia‚Va1entin.
1811 1649 2110 1690 di.,personaliter
2126 1659 2164 1682 se
2184 1650 2337 1684 conferat
2349 1652 2410 1685 aut

804 1706 937 1746 aliquos
951 1706 992 1736 de
1006 1705 1169 1736 fratribus
1184 1704 1380 1735 suismittat
1396 1712 1457 1743 pro
1469 1703 1720 1734 constructione
1733 1705 1879 1734 monast.
1897 1704 1929 1735 et
1945 1703 2139 1743 receptione
2153 1703 2322 1737 bonorum
2333 1704 2408 1738 ord.
2438 1712 2441 1715 ·
2465 1717 2477 1733 -x
2496 1713 2534 1747 ζ·

804 1759 928 1799 quond.
949 1758 1095 1797 Templi,
1125 1767 1162 1789 ac
1179 1766 1239 1797 pro
1263 1757 1342 1788 aliis
1365 1756 1551 1796 implendis
1571 1756 1670 1796 juxta
1689 1756 1937 1788 ordinationem
1956 1758 2066 1797 apost.
2089 1757 2143 1798 (A.
2172 1759 2221 1795 11,
2246 1757 2271 1791 f.
2289 1759 2351 1791 503
2370 1762 2407 1796 *ς

810 1812 843 1844 V.
861 1815 912 1848 69,
930 1821 983 1852 ep.
1002 1814 1040 1844 19
1054 1811 1091 1842 de
1105 1811 1185 1852 cur.)
2446 1804 2448 1806 ’
2487 1806 2488 1809 ’
2507 1813 2530 1818 ·’

380 1868 398 1895 6
420 1867 486 1903 (v111
505 1868 558 1901 id.)
576 1867 634 1895 dec.
657 1867 745 1896 1318.
849 1863 983 1895 10082.
1008 1882 1047 1887 ——
1062 1864 1183 1895 Amelio
1204 1874 1307 1905 praep.
1333 1868 1461 1894 monast.
1488 1863 1694 1900 Bellimontis‚
1716 1862 1783 1893 ΡΡ.
1809 1873 1890 1904 (ιαμ,
1915 1863 2062 1894 Marckiae
2080 1864 2281 1903 Anconitan„
2300 1864 2411 1897 uma

805 1919 972 1956 Trabariae,
991 1924 1078 1949 terrae
1091 1929 1115 1948 s.
1129 1918 1269 1958 Aqachae,
1284 1923 1312 1948 et
1328 1918 1412 1948 civit.
1431 1927 1466 1947 ac
1481 1917 1592 1958 quond.
1613 1917 1773 1947 comitatus
1792 1917 1902 1948 Urbini
1916 1917 2040 1954 rectori,
2061 1918 2174 1949 mand.
2191 1919 2229 1950 ut
2243 1917 2287 1950 ab
2298 1918 2412 1960 inqui-

803 1973 966 2005 sitoribus
983 1972 1148 2004 haereticae
1173 1971 1353 2011 pravitatis
1380 1971 1560 2011 pecuniam
1577 1971 1612 2002 in
1629 1971 1790 2008 Mal-chia,
1815 1970 1932 2002 Massa
1947 1970 2123 2009 Trabaria,
2149 1972 2241 2004 terra
2259 1973 2293 2004 et
2313 1971 2407 2005 civit.

801 2027 984 2066 praedictis,
1000 2026 1130 2057 ratione
1147 2034 1264 2056 eorum
1284 2025 1389 2056 officii
1410 2025 1575 2061 exactam,
1597 2025 1779 2064 Aymerico
1795 2024 1836 2056 de
1855 2024 2009 2065 Gregollo
2028 2024 2180 2056 thesaur.
2190 2024 2301 2070 ‚faciat
2321 2025 2407 2058 assi.-

802 2081 909 2121 gnari.
927 2080 978 2120 (A.
995 2081 1043 2116 11,
1062 2079 1085 2109 f.
1103 2080 1163 2110 505
1176 2078 1205 2115 ¹³3
1222 2079 1262 2110 V.
1280 2080 1332 2116 69,
1346 2087 1398 2118 ep.
1416 2080 1455 2110 26
1472 2078 1508 2109 de
1523 2078 1605 2119 cur.)
2484 2100 2529 2130 '23

518 2135 555 2163 Ut
573 2144 598 2163 s.
849 2130 981 2162 10083.
1003 2150 1042 2155 -
1060 2132 1137 2163 Eid.
1166 2132 1279 2163 mand.
1301 2133 1338 2163 ut
1354 2140 1476 2163 census
1497 2132 1538 2163 R.
1561 2132 1598 2163 E.
1625 2130 1758 2163 debitos
1784 2140 1804 2162 a
1830 2131 1980 2171 praelatis
2003 2132 2035 2163 et
2050 2139 2142 2172 pers.
2167 2131 2356 2164 ecclesiast.
2371 2132 2408 2165 et

802 2187 915 2218 saecul.
934 2187 970 2217 in
985 2187 1086 2217 dictis
1100 2185 1296 2226 reglonibus
1311 2185 1451 2225 praefato
1466 2185 1679 2216 thesaurario
1696 2185 1797 2216 faciat
1813 2185 1994 2225 assignari.
2009 2185 2064 2226 (A.
2082 2186 2130 2223 11,
2145 2184 2240 2218 teos
2252 2185 2286 2223 ὓς
2305 2184 2408 2224 um,
2439 2206 2441 2209 .
2455 2177 2474 2208 ³⁷
2490 2176 2536 2218 ‘m

802 2249 854 2280 ep.
870 2242 908 2271 27
925 2239 961 2270 de
976 2241 1054 2278 cur.)
2171 2250 2175 2253 -
2243 2238 2246 2239 ’
2479 2265 2487 2267 -
2504 2266 2525 2279 ,

520 2296 555 2323 Ut
575 2304 598 2323 s.
850 2291 984 2323 10084.
1010 2311 1042 2316 —-
1057 2292 1132 2323 Eid.
1152 2302 1243 2324 conc.
1270 2294 1421 2332 potestas
1444 2292 1641 2323 absolvendi
1663 2300 1781 2323 omnes
1803 2291 1883 2323 illos
1905 2291 1946 2323 de
1971 2292 2086 2323 Massa
2102 2291 2269 2324 Trabaria
2292 2291 2408 2334 quiin
2494 2284 2535 2334 ‘3²⁴⁷'

801 2347 999 2394 nemoribus
1014 2347 1055 2377 ad
1071 2346 1110 2377 R.
1126 2346 1163 2376 E.
1178 2346 1300 2385 pertin.
1316 2346 1409 2386 ligna
1423 2345 1551 2385 absque
1566 2345 1704 2376 licentia
1717 2345 1906 2376 incidentes
1923 2345 2128 2376 sententiam
2143 2353 2274 2377 excom.
2292 2338 2411 2378 incur—⁴
2448 2368 2460 2371 s

800 2402 929 2433 rerunt.
947 2400 1001 2440 (Α.
1022 2401 1071 2437 11,
1088 2399 1111 2430 f.
1128 2401 1187 2431 506
1205 2405 1233 2436 ³3
1257 2398 1289 2430 V.
1305 2401 1356 2437 69,
1376 2408 1427 2439 ep.
1445 2400 1486 2430 28
1499 2399 1535 2429 de
1551 2399 1630 2438 cur.)

517 2456 554 2484 Ut
573 2464 597 2484 s.
848 2451 982 2483 10085.
1000 2471 1037 2475 —
1052 2452 1129 2484 Eid
1147 2461 1239 2484 conc
1258 2454 1410 2492 potestas
1433 2452 1637 2492 procedendi
1661 2453 1778 2483 contra
1793 2451 1872 2483 cler.
1889 2453 1922 2483 et
1941 2452 2028 2483 alias
2048 2461 2140 2492 pers.
2163 2452 2353 2484 ecclesiast.
2368 2452 2407 2485 iu
2470 2493 2472 2495 r
2494 2451 2538 2493 {tl

801 2508 933 2539 defectu
955 2507 1183 2548 praelatorum,
1206 2515 1314 2546 usque
1336 2506 1378 2537 ad
1400 2515 1505 2537 unum
1527 2514 1666 2543 annum,
1690 2505 1890 2537 excessibus
1910 2505 2064 2537 labentes
2085 2514 2212 2546 eosque
2226 2505 2404 2547 puniendi.
2499 2497 2531 2506 ’“

801 2562 853 2603 (Α.
874 2563 923 2598 11,
943 2561 965 2592 f.
984 2561 1070 2592 506²
1076 2559 1144 2596 V.
1161 2561 1213 2597 69,
1232 2568 1285 2599 ep.
1301 2561 1341 2591 29
1356 2561 1392 2590 de
1414 2559 1494 2600 cur.)

518 2616 554 2644 Ut
574 2624 596 2644 s.
846 2612 981 2644 10086.
1007 2632 1046 2637 -
1070 2612 1147 2645 Eid
1174 2622 1267 2644 conc,
1285 2614 1435 2652 potestas
1453 2613 1579 2644 citandi
1599 2614 1632 2644 et
1656 2612 1799 2644 vocandi
1821 2613 1864 2644 ad
1881 2621 1918 2644 se
1936 2612 2081 2644 rebelles
2099 2612 2189 2644 infra
2205 2612 2404 2652 Mai-chiam,

799 2669 949 2700 Massam
967 2666 1178 2702 Trabariam,
1201 2668 1340 2703 terram,
1361 2667 1452 2698 civit.
1479 2668 1512 2698 et
1532 2666 1657 2706 quond.
1680 2666 1861 2698 comitatus
1882 2665 2064 2706 praedictos
2079 2666 2319 2704 consistentes,
2336 2673 2407 2700 non
2452 2662 2469 2708 L(

801 2722 887 2754 obst.
905 2710 1096 2762 privilegiis
1112 2720 1204 2751 sedis
1219 2720 1326 2759 apost.
1340 2720 1395 2751 vel
1410 2719 1709 2751 consuetudinario
1716 2719 1793 2760 jure
1807 2719 1993 2751 secundum
2005 2719 2094 2759 quod
2106 2720 2203 2750 extra
2214 2727 2296 2751 suas
2308 2716 2412 2752 civit*
2457 2737 2461 2762 J

801 2777 834 2807 et
849 2775 895 2806 di.
913 2774 954 2806 ad
966 2774 1133 2814 judicium
1147 2773 1280 2805 evocari
1300 2781 1368 2804 non
1383 2774 1528 2813 possint.
1549 2773 1602 2812 (Α.
1618 2775 1666 2808 11,
1685 2773 1707 2804 f.
1722 2774 1782 2805 506
1797 2778 1829 2811 ¹3
1851 2773 1888 2804 V.
1910 2774 1963 2810 69,
1981 2781 2034 2813 ep.
2051 2774 2090 2805 30
2103 2771 2139 2803 de
2153 2774 2232 2812 cur.)

520 2829 555 2857 Ut
575 2837 598 2857 s.
847 2825 979 2857 10087.
996 2844 1035 2850 -
1049 2826 1163 2858 Eidem
1181 2825 1297 2857 Amelio
1313 2836 1348 2856 ac
1362 2836 1444 2867 may.
1463 2827 1628 2867 Aymerico
1649 2826 1686 2857 de
1702 2826 1843 2867 Creqollo
1857 2825 2013 2866 jamdicto
2030 2834 2123 2858 conc.
2148 2827 2300 2866 potestas
2317 2834 2406 2859 com*

800 2882 947 2922 ponendi
963 2881 1003 2913 de
1018 2880 1288 2921 quibuscumque
1306 2880 1505 2911 excessibus
1521 2889 1597 2911 cum
1613 2881 1770 2920 personis
1784 2879 1952 2916 Marchiae,
1967 2879 2089 2911 Massae
2104 2878 2288 2918 Trabariae,
2305 2881 2403 2911 terrm

801 2937 834 2967 et
855 2935 1037 2966 comitatus
1053 2943 1091 2965 ac
1104 2933 1281 2964 districtus
1297 2933 1548 2972 praedictorum.
1567 2934 1618 2970 (A.
1638 2935 1685 2971 11,
1703 2933 1727 2964 f.
1740 2935 1800 2965 483
1816 2938 1847 2970 ³;
1872 2932 1905 2963 V.
1921 2934 1974 2971 69,
1989 2941 2044 2973 ep.
2061 2934 2097 2964 31
2118 2932 2155 2963 de
2168 2932 2251 2973 cur.)
2508 2960 2531 2983 2:

520 2987 556 3014 Ut
575 2995 599 3015 s.
847 2985 979 3017 10088.
1003 3006 1040 3011 -
1067 2987 1144 3019 Eid.
1163 2987 1283 3018 Amelio
1307 2986 1420 3018 mand.
1448 2989 1485 3018 ut
1509 2995 1545 3018 se
1569 2987 1729 3018 informet
1751 2988 1784 3018 et
1806 2986 1931 3018 reserat
1954 2986 1995 3018 de
2019 2986 2151 3018 decima
2167 2994 2229 3026 per
2251 2985 2402 3018 Clemen-
2455 3010 2458 3011 γ
2481 2993 2483 2995 ’
2508 2986 2512 3000 '⁷
