2592 3562
454 307 707 340 APPENDICES
729 307 785 338 AD
807 306 988 337 TERTIUM
1010 305 1159 336 ANNUM
1182 305 1377 337 BULLARII
1398 306 1572 338 JOANNIS
1595 308 1696 338 XXII.
1720 327 1759 332 —
1780 312 2018 351 <ww-1334)
2188 316 2249 347 455

308 1578 327 1606 8
341 1580 411 1613 sept.
430 1577 518 1605 1318.

247 1793 265 1820 9
284 1793 314 1827 (v
333 1791 385 1828 id.)
404 1795 474 1827 sept.
494 1790 582 1819 1318.

264 2490 369 2518 Datum
387 2484 570 2518 Avenione.

304 2537 341 2566 17
359 2541 430 2574 sept.
450 2537 539 2577 1318.

316 2583 366 2618 (xv
381 2582 440 2611 kal.
455 2583 525 2616 oct.)

300 2803 350 2832 Die
370 2803 442 2831 xxn
456 2805 542 2839 sept„

235 2849 275 2876 11·
284 2847 442 2876 indictione
451 2849 460 2869 ¹
474 2847 505 2875 in
514 2847 608 2876 ducali

261 2892 369 2929 palatio
386 2892 582 2920 Venetiarum.

807 769 1268 824 APPENDICES
1315 770 1410 823 AD
1458 769 1791 824 TERTIUM
1837 771 2097 827 ANNUM

1005 917 1351 974 BULLARII
1396 917 1707 972 JOANNIS
1753 918 1905 972 XXII

1434 1229 1467 1280 I

741 1355 975 1387 Instrumenta
994 1353 1211 1387 miscellanea
1234 1354 1398 1387 Vaticana
1417 1363 1492 1398 quae
1508 1355 1544 1386 in
1564 1353 1705 1398 capsula
1726 1353 1809 1387 anni
1826 1352 1919 1389 1318
1934 1355 2164 1399 reperiuntur.

701 1571 835 1603 10245.
853 1592 891 1596 -
906 1573 1114 1606 Guillelmus
1131 1573 1206 1605 abb.
1219 1575 1366 1605 monast.
1382 1574 1662 1612 Montismajoris,
1674 1574 1846 1605 Arelaten.
1865 1574 1923 1611 di„
1940 1574 2085 1606 ratificat
2096 1575 2256 1606 unionem

654 1628 794 1668 priorat.
814 1636 874 1658 seu
889 1627 969 1658 eccl.
991 1636 1018 1658 s.
1037 1627 1131 1658 Petri
1148 1627 1188 1658 de
1213 1636 1240 1658 s.
1258 1627 1415 1667 Remigio
1432 1628 1465 1658 et
1481 1627 1702 1658 ecclesiarum
1719 1636 1765 1658 ss.
1784 1628 1908 1658 Hilarii
1928 1629 1962 1659 et
1977 1628 2103 1660 Verani
2119 1628 2258 1660 Avinio-

654 1690 732 1712 nen.
750 1681 809 1718 di„
827 1681 869 1711 ad
886 1681 1015 1712 dictum
1032 1683 1180 1712 monast.
1200 1681 1439 1720 spectantium,
1455 1689 1474 1711 a
1489 1680 1652 1711 Pontifice
1669 1681 1792 1711 factam
1807 1680 1921 1712 favore
1940 1689 2066 1712 mensae
2081 1682 2258 1721 episcopa-

654 1735 700 1766 lis
715 1735 796 1766 eccl.
814 1734 1026 1766 Avenionen.
1045 1733 1145 1774 (Oriq.
1166 1744 1257 1774 perq.
1271 1744 1376 1774 parv.³
1392 1743 1424 1764 n.
1444 1732 1510 1774 15.)

701 1785 837 1817 10246.
855 1804 894 1809 —-
908 1788 1016 1819 Pinus
1033 1788 1074 1818 de
1098 1787 1328 1827 Pergenariis,
1348 1788 1389 1818 de
1407 1787 1552 1825 Mutina,
1577 1787 1740 1827 syndicus
1757 1788 1949 1826 potestatis,
1965 1788 2101 1819 consilii
2119 1790 2152 1819 et
2169 1797 2260 1820 com-

655 1842 772 1873 munis
786 1842 879 1872 civit.
898 1841 1091 1872 Ferrarien.
1107 1841 1222 1880 (fidem
1239 1841 1368 1872 faciens
1385 1841 1425 1872 de
1445 1841 1624 1881 syndicatu
1641 1849 1703 1872 suo
1719 1849 1778 1880 per
1797 1841 1966 1880 quoddam
1991 1841 2151 1873 instrum.
2169 1841 2260 1881 quod

656 1895 846 1933 inseritur),
866 1895 902 1925 in
917 1894 1032 1934 papali
1046 1894 1173 1934 palatio
1190 1894 1407 1931 Avinionen.‚
1425 1893 1482 1924 ubi
1495 1895 1630 1925 tenetur
1647 1894 1888 1925 consistorium
1903 1894 2087 1934 privatum,
2100 1895 2259 1934 exposuit

657 1948 758 1988 Papae
773 1950 807 1979 et
833 1947 1098 1987 quamplurimis
1115 1949 1149 1979 S.
1166 1948 1208 1979 R.
1227 1948 1265 1978 E.
1283 1947 1374 1978 card.
1393 1947 1483 1987 quod
1497 1947 1614 1987 plures
1631 1947 1722 1978 cives
1738 1948 1930 1978 Ferrarten.
1948 1947 2186 1979 excusationes
2201 1947 2260 1979 ha-

655 2001 738 2032 bent
758 2001 996 2041 proponendas
1020 2001 1196 2032 occasione
1219 2001 1382 2032 novitatis
1407 2009 1553 2032 occursae
1570 2001 1605 2031 in
1633 2001 1725 2031 civit.
1745 2001 1910 2032 Ferrariae
1928 2002 1961 2032 et
1981 2001 2139 2032 districtu
2155 2010 2174 2032 a
2189 2001 2257 2032 kal.

657 2064 732 2095 aug.
752 2055 832 2086 anni
854 2054 1041 2094 praeteriti3
1061 2054 1218 2094 quodque
1242 2056 1390 2085 castrum
1418 2053 1593 2089 Thebaldi,
1612 2055 1734 2089 turres,
1754 2054 1879 2085 moenia
1895 2055 1928 2085 et
1943 2054 2074 2085 fossata
2089 2054 2132 2085 ad
2147 2054 2261 2094 ipsum

657 2110 807 2140 castrum
825 2108 1023 2148 spectantia,
1040 2116 1170 2139 necnon
1184 2107 1349 2138 fortalitia
1365 2107 1448 2139 citra
1457 2109 1594 2147 pontem
1610 2107 1762 2138 fluminis
1776 2107 1860 2138 Padi
1872 2107 2060 2145 combusta,
2073 2108 2155 2139 dicti
2169 2108 2260 2139 cives

657 2163 766 2202 parati
785 2163 864 2192 suut
888 2162 1038 2201 propriis
1068 2161 1229 2200 expensis
1259 2161 1460 2192 reedificari.
1488 2161 1648 2192 Pontifex
1667 2163 1780 2192 autem
1807 2161 2044 2192 excusationes
2060 2161 2208 2192 admittit
2226 2161 2261 2192 in

657 2215 813 2255 partibus
840 2215 1052 2246 Lombardiae
1083 2214 1298 2254 recipiendas
1325 2223 1385 2253 per
1408 2213 1604 2246 Atrebaten.
1625 2216 1656 2245 et
1676 2214 1863 2245 Bononien.
1884 2223 1978 2253 ep.os
1993 2223 2031 2245 ac
2050 2214 2259 2246 Aimericum

657 2269 698 2300 de
714 2268 916 2300 Castrolucii
935 2268 1063 2299 archid.
1076 2268 1366 2307 Transvigennen.
1380 2268 1416 2298 in
1431 2267 1711 2309 eccl.rTuronen.‚
1723 2268 1763 2298 A.
1776 2268 1810 2299 S.
1822 2268 1960 2299 nuntios
1970 2278 1980 2305 ;
1992 2268 2157 2298 mandans
2171 2267 2261 2299 dicta

658 2322 793 2359 moenia,
813 2321 978 2353 fortalitia
1006 2324 1068 2352 etc.
1087 2321 1130 2352 ad
1157 2323 1285 2352 statum
1303 2321 1489 2361 pristinum
1515 2321 1642 2352 reduci.
1660 2321 1784 2353 Actum
1816 2329 1876 2361 per
1893 2321 2078 2352 Geraldum
2095 2321 2135 2351 de
2164 2320 2258 2359 Lalo,

658 2375 738 2406 cler.
754 2375 796 2406 de
811 2376 924 2406 Monte
947 2375 1073 2412 Viridi,
1099 2374 1352 2406 Claromonten.
1369 2374 1429 2411 di.,
1448 2374 1623 2414 publicum
1643 2376 1751 2414 apost.
1769 2376 1856 2405 auct.
1879 2374 1948 2405 not.
1967 2373 2067 2414 (Or1'9.
2085 2383 2175 2414 perq.
2195 2383 2261 2404 ma-

658 2438 762 2469 ynum,
781 2437 813 2459 n.
833 2428 900 2468 16.)

706 2479 840 2511 10247.
857 2499 895 2504 -
909 2482 1058 2513 Joannes
1074 2482 1166 2521 Papa
1179 2481 1280 2512 XXII
1294 2481 1336 2512 ad
1347 2481 1596 2513 ordinationem
1615 2481 1704 2512 circa
1713 2481 1837 2520 quond.
1854 2480 2070 2519 episcopatus
2087 2479 2259 2516 Tolosan.,

659 2544 761 2575 quem
776 2536 812 2566 in
830 2535 947 2575 plures
965 2535 1083 2566 divisit
1101 2534 1314 2566 cathedrales
1331 2536 1363 2566 et
1379 2535 1500 2574 colleg.
1519 2534 1613 2571 eccl„
1635 2534 1714 2565 eccl.
1736 2534 1894 2565 Tolosan.
1912 2533 1947 2563 in
1963 2533 2261 2572 metropolitanam

660 2589 805 2629 erigens,
834 2589 1028 2626 fovendam,
1058 2597 1177 2620 omnes
1201 2588 1445 2625 ordinationes,
1472 2587 1722 2623 concessiones,
1751 2587 1900 2621 constit,
1921 2586 2059 2625 gratias,
2078 2585 2213 2617 litteras
2230 2586 2262 2616 et

659 2642 841 2682 privilegia
856 2650 916 2673 seu
942 2642 1070 2673 statuta
1091 2650 1311 2681 quaecumque
1327 2650 1346 2672 a
1364 2640 1674 2681 praedecessoribus
1690 2640 1763 2670 suis
1780 2639 1871 2670 edita
1886 2639 1940 2670 vel
1963 2647 2133 2676 concessa,
2151 2646 2261 2678 poena-

661 2704 737 2727 rum
763 2695 964 2735 adJectione,
993 2695 1193 2726 auctoritate
1219 2703 1431 2735 quacumque
1448 2695 1516 2725 alia
1539 2694 1700 2724 firmitate
1718 2693 1854 2729 vallata,
1871 2700 1931 2731 per
1950 2700 2024 2731 quae
2039 2691 2210 2731 praedictis
2226 2691 2263 2722 in

661 2749 776 2788 aliquo
792 2749 949 2789 derogari
965 2750 1085 2788 possit,
1102 2749 1215 2779 cassat
1230 2750 1264 2779 et
1279 2748 1403 2779 irritat.
1421 2747 1522 2787 (Or-iq.
1533 2756 1623 2787 perq.
1642 2755 1795 2786 maynum,
1812 2754 1844 2776 n.
1863 2747 1900 2775 17
1914 2754 1923 2781 ;
1940 2744 2098 2784 decuria.)

707 2798 843 2831 10248.
862 2819 901 2825 -
913 2802 1117 2834 Franciscus
1143 2801 1313 2838 Dandulo,
1330 2801 1565 2836 Venetiarum,
1580 2799 1759 2831 Dalmatiae
1785 2800 1885 2838 atque
1900 2798 2044 2829 Croatiae
2061 2797 2141 2835 dux,
2162 2798 2263 2828 d.nus

663 2857 791 2896 quartae
808 2856 918 2895 partis
944 2856 977 2887 et
1001 2855 1152 2886 dimidiae
1176 2855 1285 2886 totius
1311 2854 1448 2894 imperii
1467 2853 1624 2889 Romani,
1650 2852 1819 2891 supplicat
1836 2852 2002 2882 Joannem
2019 2851 2146 2890 Papam
2163 2850 2263 2882 XXII

663 2910 700 2940 ut
714 2909 895 2940 instituere
912 2909 1070 2949 dignetur
1093 2908 1259 2940 Jacobum
1281 2908 1375 2945 cler.,
1390 2909 1507 2938 natum
1530 2915 1564 2936 n.
1579 2914 1611 2936 v.
1626 2905 1734 2937 Blasii
1750 2905 1855 2942 Geno,
1871 2904 1906 2935 in
1925 2904 2158 2943 primicerium
2182 2904 2263 2935 eccl.

696 3007 719 3031 1.
737 3005 912 3032 L'indiction
928 3006 1108 3032 mentionnee
1123 3008 1167 3032 est
1187 3005 1350 3031 l'indiction
1367 3010 1500 3036 grecque.
