2592 3562
260 407 364 434 Datum
377 401 558 434 Avenione.

263 483 267 486 ²
297 507 338 535 22
355 514 418 534 nov.
438 504 526 533 1317.

312 554 341 585 (x
356 551 416 591 kal.
433 549 509 586 dec.)

255 768 277 799 '5
293 771 387 807 (non.)
402 765 460 798 dec.
480 770 569 799 1317.

255 1037 274 1064 9
287 1037 317 1072 (v
334 1036 388 1070 id.)
404 1036 461 1064 dec.
480 1035 567 1064 1317.

328 1322 336 1327 .
375 1302 450 1330 Πῐιε.
498 1317 504 1323 -

307 1569 344 1596 18
357 1568 416 1596 dec.
433 1567 521 1596 1317.
572 1563 577 1565 ’

309 1617 360 1648 (xv
377 1612 437 1640 kal.
455 1612 530 1649 jan.)

305 1781 342 1807 19
356 1780 414 1808 dec.
434 1779 524 1807 1317.

302 1827 364 1858 (xiv
381 1824 440 1852 kal.
454 1824 528 1861 jan.)

376 2046 413 2074 Ut
430 2055 454 2074 s.

305 2152 347 2180 23
363 2152 422 2180 dec.
441 2152 530 2180 1317.

316 2198 346 2233 (x
365 2197 424 2224 kal.
444 2196 519 2232 jan.)

374 2471 411 2500 Ut
431 2480 454 2499 s.

307 2683 346 2711 30
359 2684 418 2712 dec.
435 2684 523 2712 1317.

309 2731 354 2763 (ιιι
372 2728 430 2756 kala
445 2727 522 2764 jan.)

645 313 818 345 JOANNIS
841 312 960 343 PAPAE
982 312 1084 342 XXII.
1109 313 1357 350 (1316-1334).
1378 324 1416 334 —b
1438 311 1625 342 LITTERAE
1648 311 1700 341 DE
1722 311 1846 342 CURIA
2187 316 2246 347 253

696 500 807 531 8138.
825 519 863 524 —
881 502 994 533 Mand.
1013 511 1048 532 n.
1066 510 1097 532 v.
1116 500 1279 541 Radulplzo
1293 491 1513 531 deMalacescts
1528 502 1564 531 ut
1580 502 1661 532 3750
1675 501 1821 532 florenos
1840 502 1913 533 auri
1930 490 1977 533 'de
1999 503 2171 535 Florentia
2189 514 2248 544 per

654 556 826 595 quondam
843 555 1086 595 Raymundum
1103 554 1240 586 Attonis
1268 554 1552 584 locumtenentem
1573 562 1605 584 n.
1623 562 1655 585 v,
1686 554 1863 585 Bertrandi
1878 555 1919 585 de
1935 555 2023 586 Guto
2040 556 2250 589 vicecomitis

642 607 854 646 'Leomaniae‚
873 608 955 639 olim
970 607 1127 639 Marchiae
1143 607 1345 638 Anconitan.
1362 606 1515 642 rectoris,
1536 607 1576 637 de
1591 606 1701 646 ipsius
1717 607 1869 638 rectoriae
1884 608 2027 646 pecunia
2052 617 2154 647 penes
2173 618 2250 641 eum

653 662 838 701 depositos,
856 661 1003 698 Amelio,
1019 661 1128 700 ejusd.
1145 660 1302 691 Marohiae
1318 660 1452 696 rectori,
1470 659 1681 699 integraliter
1701 661 1734 690 et
1749 659 1876 699 absque
1902 660 2064 691 dilatione
2080 663 2248 694 restituat.

653 715 706 755 (A.
728 716 777 751 10,
801 715 822 745 f.
840 715 898 745 421
917 719 948 751 ⁸;
972 713 1008 745 V.
1025 715 1078 751 67,
1093 722 1145 753 ep.
1166 715 1214 747 19,
1229 712 1266 743 de
1283 712 1364 752 cur.)
1672 723 1675 725 “

697 765 807 796 8139.
827 782 865 789 --
880 767 1018 797 Potestas
1036 766 1174 808 praesato
1191 766 1303 796 rectori
1318 775 1377 805 per
1400 765 1599 805 spirituales
1615 766 1648 796 et
1663 766 1870 804 temporales
1886 774 2001 805 poenas
2017 768 2251 806 compescendi

653 830 771 852 omnes
788 822 821 852 et
847 821 1000 860 singulos
1022 822 1093 851 tam
1119 820 1198 851 cler.
1228 828 1328 858 quam
1354 819 1460 850 laicos
1484 819 1586 849 etiam
1609 818 1796 858 pontificali
1818 819 1979 858 dignitate
2000 820 2250 860 praefulgentes,

653 875 712 914 qui
725 874 948 914 temporalem
961 873 1234 913 Jurisdictionem
1251 872 1319 912 ipsi
1335 872 1369 903 in
1385 871 1535 903 Marchia
1550 872 1773 908 Anconitana,
1792 872 1906 903 Massa
1922 872 2095 909 Traharia,
2111 875 2200 904 terra
2216 874 2249 905 S.

653 928 801 968 Agathae,
819 936 858 958 ac
871 927 977 964 civit,
994 926 1154 958 comitatu
1171 927 1204 957 et
1220 925 1378 956 districtu
1393 924 1526 961 Urbini,
1547 925 1588 956 ad
1599 925 1640 957 R.
1653 925 1691 956 E.
1709 925 1809 964 pleno
1824 925 1900 964 jure
1916 926 2159 965 spectantibus,
2176 936 2250 958 con—

652 973 784 1012 cessam
802 981 969 1020 impedire
986 979 1166 1011 voluerint.
1184 980 1235 1018 (A.
1254 979 1303 1014 10,
1322 979 1343 1009 f.
1361 980 1419 1009 421
1436 978 1449 999 b
1460 988 1469 1014 3
1496 978 1531 1009 V·.
1550 980 1602 1015 67,
1620 987 1672 1018 ep.
1695 980 1742 1015 19,
1761 978 1797 1008 de
1815 978 1894 1019 cur.)

697 1031 808 1062 8140.
825 1052 862 1056 -
877 1033 952 1064 Eid.
965 1034 1118 1072 potestas
1130 1032 1290 1063 monendi
1309 1034 1341 1063 et
1358 1032 1540 1062 inducendi
1556 1030 1689 1062 nobiles
1705 1033 1738 1062 et
1751 1031 1849 1066 alios,
1866 1040 1904 1062 ac
1920 1032 2172 1070 universitates,
2191 1042 2252 1064 seu

653 1087 915 1118 communitates
933 1086 1121 1123 civitatum,
1138 1087 1318 1122 terrarum,
1335 1086 1536 1122 castrorum,
1549 1084 1710 1115 villarum
1724 1087 1756 1115 et
1771 1084 1923 1115 locorum
1939 1085 2028 1116 infra
2043 1086 2253 1125 provinciam

615 1157 622 1164 ·
652 1140 808 1172 Marchiae
824 1139 1025 1172 Anconitan.
1043 1132 1317 1174 constitutorum,
1328 1140 1366 1169 ut
1377 1138 1544 1175 civitates,
1557 1139 1678 1175 terras,
1695 1139 1817 1173 castra,
1831 1138 1932 1169 villas
1947 1140 1979 1170 et
1994 1139 2067 1170 loca
2079 1135 2252 1179 praedicta,

653 1194 695 1225 ab
709 1194 796 1233 ipsis
825 1202 885 1233 per
903 1193 1102 1224 violentiam
1128 1195 1299 1231 occupata,
1327 1191 1437 1222 eidem
1460 1192 1584 1222 rectori
1611 1193 1643 1222 et
1667 1191 1757 1222 Eccl.
1782 1191 1880 1222 Rom.
1905 1192 1940 1222 in
1962 1200 2043 1231 pace
2066 1193 2251 1224 dimittant.

610 1294 613 1296 Ι
653 1248 706 1288 (Α.
725 1248 774 1281 10,
795 1247 818 1277 f.
837 1248 898 1278 422
917 1252 949 1283 ⁸3
972 1246 1008 1277 V.
1026 1248 1076 1280 67,
1093 1254 1145 1285 ep.
1163 1247 1215 1282 21,
1234 1244 1362 1284 accur..)

698 1297 807 1328 8141.
828 1317 867 1322 -
882 1293 1041 1330 Potestas
1060 1298 1225 1340 Aymerico‘
1243 1297 1280 1328 de
1304 1297 1456 1338 Greqollo,
1475 1307 1543 1327 can.
1563 1296 1781 1333 Columbrien.,
1798 1298 2008 1337 transigendi
2028 1298 2068 1329 de
2084 1307 2252 1330 consensu

654 1353 805 1393 praedicti
824 1353 966 1384 rectoris
982 1361 1058 1383 cnm
1071 1351 1341 1392 quibuscumque
1358 1351 1503 1391 singulis
1517 1351 1673 1390 personis
1686 1351 1726 1381 de
1740 1350 1889 1381 Marchia
1906 1351 2121 1387 Anconitan.‚
2140 1352 2254 1383 Massa

654 1406 828 1443 Trabaria,
848 1408 939 1437 terra
955 1415 982 1437 s.
999 1405 1147 1445 Agathae,
1166 1406 1198 1436 et
1216 1405 1308 1436 civit.
1331 1413 1369 1436 ac
1385 1404 1547 1435 comitatu
1563 1404 1686 1436 Urbini
1701 1413 1804 1443 super
1820 1405 2169 1442 condemnationibus,
2187 1414 2254 1445 poe-

654 1460 708 1491 nis
724 1462 758 1491 et
786 1460 924 1490 mulctis
939 1461 1009 1490 tam
1026 1458 1208 1498 praeteritis
1225 1467 1326 1497 quam
1344 1457 1483 1494 futuris,
1501 1457 1687 1488 rebellibus
1706 1466 1766 1488 seu
1782 1457 2013 1496 proditoribus
2027 1458 2132 1496 ejusd.
2156 1459 2197 1490 R.
2213 1459 2252 1490 E.

656 1521 817 1553 expresse
837 1512 1000 1552 exceptis.
1020 1512 1072 1550 (A.
1090 1513 1139 1549 10,
1158 1511 1181 1542 f.
1197 1513 1258 1543 422
1275 1511 1310 1547 ¹³3
1330 1511 1367 1542 V.
1383 1512 1435 1549 67,
1452 1520 1503 1550 ep.
1521 1512 1571 1547 22,
1590 1510 1626 1541 de
1640 1511 1721 1549 cur.)

698 1563 809 1595 8142.
830 1583 868 1588 --
886 1566 1069 1605 Deputatio
1087 1575 1167 1606 may.
1190 1565 1322 1595 Joannis
1338 1564 1374 1595 de
1392 1563 1520 1602 Amefio,
1543 1563 1613 1594 cler.
1633 1565 1860 1604 Petraqoricen.
1878 1564 1934 1601 di„
1954 1565 1989 1595 in
2003 1564 2254 1596 thesaurarium

654 1621 796 1651 ducatus
814 1619 986 1658 Spoletan.
1008 1621 1040 1649 et
1057 1619 1201 1649 aliarum
1217 1620 1384 1650 terrarum
1402 1619 1440 1648 E.
1458 1618 1498 1649 R.
1516 1618 1712 1648 immediate
1729 1617 1958 1657 subiectarum
1974 1618 2010 1648 in
2030 1618 2154 1657 quibus
2175 1619 2255 1650 Rai-

654 1673 776 1704 naldus
801 1673 840 1703 de
866 1681 893 1702 S.
925 1672 1113 1708 Arthemia,
1145 1671 1213 1702 PP.
1241 1680 1327 1711 cap,
1345 1673 1453 1708 rector
1469 1671 1598 1701 existit.
1616 1670 1671 1709 (A.
1694 1671 1743 1706 10,
1760 1670 1783 1701 f.
1801 1672 1860 1702 423
1878 1670 1910 1707 ¹³3
1931 1680 1940 1708 3
1964 1670 1996 1700 V.
2011 1673 2061 1708 67,
2079 1680 2132 1710 ep.
2149 1673 2199 1708 25,
2218 1671 2254 1702 de

655 1726 736 1765 cur.)

699 1776 810 1808 8143.
828 1796 866 1801 —
886 1777 1062 1809 Placentia.
1087 1782 1115 1808 et
1131 1777 1262 1818 Papien.
1277 1777 1367 1818 ep.is,
1385 1787 1421 1807 ac
1443 1776 1574 1808 Geraldo
1598 1776 1833 1814 Labacealaria,
1851 1777 1957 1816 priori
1974 1777 2014 1808 de
2031 1778 2207 1817 Ampiaco‚
2226 1782 2254 1808 et

654 1832 797 1864 Arnaldo
814 1832 1008 1867 Zabaccerii,
1024 1831 1146 1862 rectori
1163 1832 1203 1876 de
1229 1831 1349 1862 Tisaeo
1365 1832 1397 1861 et
1415 1839 1442 1860 s.
1462 1830 1622 1870 Dionysii
1638 1830 1718 1861 eccl.
1746 1830 1888 1860 insimul
1906 1830 2090 1867 unitarum,
2107 1831 2254 1862 Buthen.

655 1888 687 1917 et
715 1887 892 1917 Caturcen.
920 1885 980 1921 di„
1011 1885 1110 1915 facul.
1140 1884 1320 1923 colligendi
1349 1883 1480 1914 fructus
1506 1883 1616 1914 benef.
1641 1892 1712 1914 vac.
1739 1886 1771 1913 et
1796 1883 1838 1914 ad
1859 1884 2044 1915 triennium
2072 1884 2173 1915 etiam
2199 1893 2253 1924 ap.

655 1940 688 1971 S.
711 1941 753 1970 A.
770 1940 1009 1970 vacaturorum
1020 1938 1054 1968 in
1071 1938 1171 1968 dictis
1185 1937 1373 1968 Placentin.
1386 1939 1418 1968 et
1434 1937 1573 1976 Papien.
1587 1937 1646 1974 di.‚
1662 1936 1852 1976 privilegiis
1866 1937 2094 1976 exemptionis
2109 1938 2253 1977 gauden-

655 1992 759 2023 tibus.
777 1992 830 2029 (A.
851 1993 898 2028 10,
919 1991 940 2022 f.
959 1993 1019 2022 434
1036 1997 1066 2027 ²²3
1090 1990 1122 2020 V.
1140 1993 1192 2026 67,
1210 1999 1263 2030 ep.
1278 1992 1328 2027 42,
1343 1989 1379 2020 de
1396 1990 1476 2029 cur.)

700 2042 811 2074 8144.
831 2063 870 2067 -
882 2045 963 2075 Ead.
979 2044 1175 2075 commissio
1191 2044 1228 2074 fit
1245 2053 1315 2084 ep.o
1329 2043 1518 2081 Fer-mrim„
1531 2048 1558 2073 et
1571 2043 1674 2083 priori
1687 2054 1723 2073 ac
1740 2044 1853 2074 rectori
1864 2043 2023 2084 praedictis
2038 2053 2099 2083 pro
2115 2044 2159 2075 di.
2177 2045 2255 2075 Fer-

656 2099 780 2140 rarien.
795 2099 846 2139 (A.
864 2099 913 2133 10,
931 2098 955 2128 f.
967 2099 1027 2128 434
1040 2103 1074 2133 ‘¹3
1101 2097 1133 2127 V.
1150 2099 1200 2134 67,
1218 2106 1271 2136 ep.
1288 2099 1339 2131 43,
1356 2096 1392 2127 de
1407 2098 1486 2134 cur.)
2012 2093 2013 2096 ’

700 2148 810 2180 8145.
822 2170 860 2174 -
869 2151 983 2191 praep„
994 2155 1023 2181 et
1034 2150 1184 2180 Hanoniae
1196 2160 1232 2180 ac
1243 2150 1456 2190 Antwerpien.
1471 2149 1542 2180 eccl.
1554 2149 1750 2180 Cameracen.
1765 2150 1914 2180 archibis
1924 2151 2036 2181 mand..
2050 2153 2086 2181 ut
2098 2159 2117 2181 a
2126 2151 2255 2182 Joanne

656 2206 696 2237 de
711 2205 812 2242 Pinu,
827 2214 898 2236 can.
918 2213 945 2235 s.
964 2204 1056 2235 Petri
1071 2204 1315 2239 Tornodoren„
1337 2203 1524 2243 Lingonen.
1547 2203 1607 2240 di.,
1628 2203 1807 2235 collectore
1834 2203 1981 2234 fructum
1996 2203 2106 2235 benef.
2131 2213 2201 2234 vac.
2220 2204 2256 2234 in

656 2258 831 2298 provincia
846 2258 986 2289 Remen.
1005 2259 1037 2288 et
1053 2265 1161 2296 usque
1179 2257 1223 2287 ad
1236 2256 1423 2287 triennium
1442 2257 1682 2287 vacaturorum
1705 2258 1968 2294 resermtorum,
1986 2257 2150 2296 recipiant
2164 2257 2255 2296 jura-

656 2312 808 2342 mentum
825 2311 914 2350 quod
927 2310 1162 2341 collectionem
1176 2310 1372 2349 hujusmodi
1386 2310 1533 2341 fideliter
1547 2309 1730 2346 exercebit,
1749 2310 1905 2350 quodque
1921 2310 2082 2349 pecunias
2098 2310 2255 2341 collectas

656 2366 781 2405 quanto
800 2364 901 2395 citius
917 2372 1058 2395 camerae
1076 2364 1183 2402 apost.
1207 2363 1369 2403 assignet.
1392 2363 1443 2402 (A.
1461 2364 1509 2399 10,
1527 2363 1549 2394 f.
1568 2364 1628 2394 423
1643 2368 1674 2399 ²²;
1698 2363 1732 2393 V.
1749 2365 1800 2400 67,
1818 2372 1869 2402 ep.
1890 2365 1940 2400 23,
1959 2362 1995 2393 de
2011 2373 2075 2393 cur.
2086 2372 2096 2400 ;
2127 2362 2254 2400 Cottion,

656 2427 690 2449 n.
707 2417 794 2456 459.)

700 2467 810 2499 8146.
828 2486 867 2492 —
881 2470 992 2501 Mand.
1010 2479 1092 2509 maq.
1108 2469 1223 2499 loanni
1239 2469 1275 2500 de
1285 2469 1418 2507 Solerio,
1438 2469 1611 2510 Erforden,
1626 2474 1655 2500 et
1667 2468 1829 2500 Guillelmo
1845 2469 1881 2499 de
1898 2468 2031 2505 s.Jorio,
2048 2468 2253 2500 Columbrien.

655 2524 727 2555 eccl.
744 2533 828 2561 cam,
845 2523 879 2555 S.
896 2523 937 2554 A.
953 2523 1099 2560 nunciis,
1112 2524 1149 2554 ut
1163 2523 1294 2553 fructus
1310 2523 1390 2554 eccl.
1406 2523 1446 2554 de
1464 2523 1612 2554 Thomar
1625 2522 1830 2555 Ulixbonen.
1848 2522 1908 2559 di„
1922 2522 1963 2552 ad
1977 2522 2047 2552 ord.
2064 2522 2145 2553 olim
2160 2522 2256 2553 Tem-

656 2577 856 2617 plariorum,
875 2577 910 2607 in
936 2575 1079 2607 concilio
1096 2576 1262 2607 viennen.
1280 2576 1400 2616 Apost.
1419 2577 1507 2607 auct.
1524 2576 1709 2613 sublatum,
1730 2576 1921 2615 spectantes
1939 2573 2005 2605 sibi
2022 2574 2146 2605 faciant
2163 2574 2253 2606 exhi-

656 2631 739 2662 beri.
753 2630 808 2670 (A.
827 2630 877 2664 10,
894 2629 917 2660 f.
939 2630 1000 2661 423
1016 2629 1049 2666 ὓς
1073 2629 1108 2661 V.
1127 2631 1180 2665 67,
1197 2638 1248 2669 ep.
1266 2631 1317 2668 24,
1337 2628 1374 2660 de
1388 2631 1467 2667 cur.)

701 2680 811 2712 8147.
840 2700 878 2705 -
907 2682 1060 2714 Abolitio
1087 2684 1187 2714 sectae
1213 2682 1469 2720 fraticellorum,
1494 2683 1552 2722 qui
1579 2682 1702 2713 fratres
1725 2681 1764 2712 de
1782 2689 1930 2720 paupere
1949 2680 2019 2712 vita
2035 2682 2092 2711 aut
2107 2680 2253 2719 bizochi,

657 2737 729 2768 sive
755 2736 893 2776 beghini
921 2735 975 2767 vel
992 2735 1071 2766 aliis
1089 2735 1283 2767 nominibus
1305 2737 1554 2776 nuncupantur,
1572 2736 1608 2766 in
1624 2734 1778 2774 partibus
1796 2734 1917 2770 Italiae,
1938 2724 2066 2765 necnon
2087 2734 2122 2764 in
2140 2734 2254 2765 insula

657 2790 792 2827 Siciliae,
805 2789 965 2820 comitatu
978 2789 1178 2826 Provinciae,
1193 2789 1386 2821 Narbonen.
1403 2790 1436 2820 et
1454 2789 1611 2820 Tolosan.
1630 2787 1770 2827 civit.flet
1787 2787 1846 2822 di„
1864 2786 2009 2826 aliisque
2024 2786 2170 2818 diversis
2187 2787 2253 2818 cis-

657 2843 800 2875 marinis
828 2844 861 2874 et
890 2836 1127 2873 ultramarinis
1150 2842 1305 2882 partibus
1328 2844 1605 2882 congregatorum
1626 2842 1659 2872 et
1677 2840 1932 2871 conventiculas
1950 2839 2158 2883 facientium,
2176 2848 2254 2871 cum

657 2896 870 2928 revocatione
885 2895 1043 2935 praetensi
1058 2895 1229 2936 privilegii
1244 2904 1304 2936 per
1313 2904 1371 2927 eos
1385 2904 1404 2926 a
1418 2895 1588 2927 Celestino
1600 2894 1700 2933 Papae
1711 2893 1740 2925 V
1752 2892 1918 2924 obtentis«
1929 2892 2050 2924 Sancta
2059 2893 2222 2924 Romana.
2235 2902 2252 2924 n

659 2950 711 2988 (A.
730 2950 780 2986 10,
797 2949 896 2981 f..452
911 2948 944 2985 ¹³3
971 2947 1005 2979 V.
1023 2950 1075 2985 67,
1089 2956 1143 2988 ep.
1158 2949 1199 2980 68
1218 2947 1254 2979 de
1269 2957 1354 2986 cur-‚3
1371 2949 1412 2980 K.
1431 2947 1550 2982 Eubel‚
1566 2946 1769 2984 Bullarium.,
1782 2946 1823 2982 V,
1835 2954 1866 2985 p.
1885 2947 1954 2983 134,
1972 2954 2005 2976 n.
2026 2946 2101 2983 2973
2120 2946 2252 2986 Corpus

654 3003 743 3043 juris
759 3001 924 3039 canonici,
945 3001 1121 3041 Exeravaq.
1138 3001 1250 3033 Joann.
1274 3000 1380 3039 XXII,
1396 3002 1420 3032 t.
1441 3000 1533 3040 VII.)
