2592 3562
410 286 663 321 APPENDICES
684 286 741 316 AD
763 284 985 316 SECUNDUM
1005 283 1155 315 ANNUM
1178 283 1373 314 BULLARII
1394 283 1569 314 JOANNIS
1592 283 1694 314 XXII.
1719 301 1758 307 —
1779 285 2017 324 (1316-1334)
2170 289 2229 320 273

234 434 339 462 Datum
356 426 538 461 Avenione.
674 417 784 449 8361.
802 437 841 442 -
860 419 949 451 Unio
966 420 1111 450 monast.
1142 418 1183 449 de
1208 418 1332 454 Leura,
1350 417 1389 449 Ο.
1414 416 1447 448 S.
1473 418 1525 453 Β.,
1547 417 1742 449 Sistaricen.
1765 418 1824 455 di.‚
1848 419 1999 451 ecclegiae
2027 421 2228 455 Avinionen·

270 482 310 509 20
330 480 388 508 dec.
412 478 499 507 1317.
631 472 728 513 (Oriq.
740 482 831 514 ρον-9.
849 481 991 512 maynum
1008 480 1041 502 n.
1057 472 1114 507 ⁴0;
1132 471 1193 502 cfr.
1214 479 1247 501 n.
1265 471 1370 508 6¹04.)

272 528 339 560 (xm
355 524 413 551 kal.
429 523 501 559 jan.)

276 586 317 614 22
333 586 392 613 dec.
413 584 501 612 1317.
673 576 786 608 8362.
804 596 842 601 —
858 574 1126 609 Instrumentum
1153 577 1348 617 Raymundi
1369 576 1515 613 Revelli,
1533 577 1603 607 not.
1629 576 1802 614 Tolosam„
1820 586 1887 616 quo
1904 579 2049 609 testatur
2065 579 2231 611 Joannem

213 631 260 664 (10
275 630 322 658 die
336 629 429 657 exitus
446 627 555 670 mensi?
628 632 783 672 Margoti,
811 631 1017 663 servientem
1036 638 1210 662 armorum
1232 630 1346 670 Papae,
1372 629 1596 661 constitutum
1619 629 1654 660 in
1672 629 1822 668 capitulo
1837 630 1980 662 fratrum
1997 631 2079 662 Min.
2099 632 2231 664 Tolosae

347 675 422 706 (ἰθὺ)
628 687 854 725 praesentasse
867 693 910 716 ex
923 685 1019 724 parte
1035 684 1117 715 dicti
1132 683 1234 723 Papae
1248 683 1414 723 quasdam
1430 682 1692 713 constitutiones
1708 683 1771 713 sub
1784 682 1878 714 bulla
1889 683 2004 723 papali
2015 684 2232 721 interclusas,

628 747 649 768 v
668 739 869 778 quinternos
886 738 1110 772 continentes,
1127 745 1271 776 quorum
1282 736 1416 776 primus
1432 736 1551 775 incipit
1566 745 1583 767 «
1597 736 1756 767 Clemens
1772 737 1801 767 V
1821 736 2013 768 inconcilio
2023 737 2190 769 Viennen.
2202 747 2231 775 »,

627 792 750 822 Joanni
778 792 819 823 de
845 791 1027 828 Vernhola,
1056 790 1178 822 rectori
1205 789 1311 821 studii
1339 789 1511 826 Tolosan,
1530 791 1563 820 et
1588 789 1667 820 aliis
1683 789 1897 820 decretorum
1913 790 2109 822 doctoribus
2125 791 2232 822 dictas

629 845 763 878 constit.
783 844 1039 884 recipientibus.
1055 843 1151 884 (Or-iq.
1164 853 1270 884 perq„
1288 852 1322 874 n.
1339 844 1404 880 41.)

1394 1180 1474 1231 II

707 1293 936 1325 Instrumenta
959 1290 1177 1325 miscellanea
1209 1291 1372 1325 Vaticana
1394 1301 1468 1335 quae
1492 1290 1531 1323 in
1551 1290 1691 1335 capsula
1714 1290 1799 1323 anni
1825 1289 1916 1325 1318
1937 1291 2167 1336 reperiuntur.

238 1486 342 1514 Datum
359 1481 542 1514 Avenione,
681 1475 792 1507 8363.
810 1495 848 1500 -
865 1477 1069 1509 Constitutio
1087 1485 1190 1516 super
1215 1476 1339 1516 plural.
1365 1475 1476 1507 benef.
1501 1485 1517 1505 «
1543 1475 1791 1507 Exsecrabilis...
1810 1485 1825 1505 ι)
1848 1475 1947 1516 (Oriq.
1968 1486 2056 1517 per-9.
2082 1487 2237 1518 maynum,

279 1536 316 1564 19
334 1543 397 1562 που.
416 1533 504 1562 1317.
635 1540 668 1563 n.
688 1533 745 1568 193
765 1531 826 1563 cfr.
843 1539 877 1562 n.
897 1531 1003 1569 8137.)

277 1581 345 1615 (xm
359 1579 418 1606 kal.
430 1578 507 1614 dec.)

280 1641 318 1669 21
337 1640 395 1668 dec.
414 1639 507 1667 1317-
679 1635 791 1668 8364.
813 1654 852 1660 -
867 1638 1136 1669 Instrumentum
1152 1636 1265 1668 Bentii
1282 1636 1323 1667 de
1339 1635 1559 1671 Alexandria,
1573 1636 1656 1670 not„
1678 1645 1744 1676 quo
1762 1638 1853 1676 patet
1868 1636 2059 1668 Guidonem
2071 1638 2189 1670 Asten.
2207 1639 2241 1671 et

293 1685 311 1713 5
319 1685 386 1720 jan.
405 1684 494 1712 1318.

635 1692 784 1723 Leonem
799 1691 940 1723 Cuman.
965 1699 1060 1730 ep-os
1076 1690 1229 1721 hortatos
1245 1697 1321 1720 esse
1342 1689 1525 1720 Mathaeum
1543 1689 1799 1726 vicecomitem,
1816 1690 1980 1721 vicarium
1998 1690 2238 1730 Mediolanen.,

636 1746 674 1776 ut
697 1745 787 1776 infra
805 1754 828 1775 x
844 1744 919 1775 dies
934 1743 1177 1783 Philipponum
1192 1743 1233 1774 de
1249 1743 1427 1783 Langusco
1445 1743 1603 1774 comitem
1619 1745 1652 1774 et
1675 1743 1762 1774 alios
1778 1752 1795 1774 e
1811 1743 1943 1774 familia
1956 1744 1997 1775 de
2012 1745 2062 1775 La
2076 1745 2183 1776 Turre
2200 1745 2241 1776 li-

637 1798 761 1830 bertati
779 1798 975 1829 restitueret
997 1798 1041 1833 et,
1060 1806 1137 1828 cum
1155 1797 1267 1827 dictus
1287 1795 1452 1827 Mathaeus
1468 1796 1578 1827 facere
1594 1796 1794 1836 neglexerit,
1815 1797 1923 1828 dictos
1941 1805 2036 1836 ep.0s
2054 1798 2090 1828 in
2106 1798 2187 1831 eccl.
2212 1807 2239 1829 s.

637 1851 753 1883 Jacobi
779 1851 1004 1883 Mediolanen.
1019 1849 1153 1890 publice
1170 1858 1247 1881 eum
1265 1851 1298 1880 et
1311 1857 1475 1888 sequaces
1492 1857 1572 1880 suos
1589 1850 1916 1886 excommunicasse,
1932 1850 2157 1882 Mediolanen.
2178 1861 2239 1883 coe-

637 1907 797 1944 terasque
813 1904 905 1936 civit.
924 1912 1108 1943 earumque
1128 1903 1304 1934 districtus
1328 1902 1501 1938 interdicti
1530 1902 1710 1934 sententiis
1729 1903 1902 1943 subjacere
1918 1903 2122 1936 declarasse.
2140 1903 2240 1946 (Θήρ.

634 1968 725 1999 per-9.
743 1958 826 1999 lony.
853 1966 931 1989 cum
947 1957 1018 1988 filio
1036 1957 1145 1988 serico
1162 1956 1267 1987 rubeo
1288 1957 1322 1987 et
1338 1955 1452 1996 sigillo
1474 1964 1570 1987 cereo
1587 1956 1622 1986 in
1644 1964 1710 1995 quo
1727 1956 1852 1996 legitur
1868 1966 1874 1986 ε
1900 1966 1917 1988 «
1940 1957 2100 1997 Sigillum
2125 1957 2243 1990 fratris

638 2012 773 2046 Leonis,
790 2011 854 2043 Dei
868 2011 976 2052 gratia
992 2010 1136 2042 Cumani
1150 2009 1345 2050 episcopi»,
1362 2018 1394 2040 n.
1412 2010 1458 2048 2.)
1639 2041 1641 2043 ¹

283 2066 320 2094 13
333 2067 399 2101 jan.
421 2065 508 2094 1318.
598 2099 601 2102 ,
683 2062 795 2093 8365.
810 2081 849 2087 -
866 2063 1062 2104 Appellatio
1076 2063 1278 2102 interposita
1293 2071 1313 2093 a
1329 2062 1441 2102 priore
1454 2064 1488 2093 et
1502 2062 1603 2102 capit.
1619 2062 1700 2093 eccl.
1720 2071 1748 2093 s.
1764 2063 1919 2102 Caprasii
1935 2064 2110 2104 Agennen.
2127 2066 2243 2096 contra

222 2111 284 2147 (nie
301 2111 419 2162 Veneris
435 2112 501 2160 P⁰⁵t
515 2109 570 2159 sels·
639 2118 865 2150 Guillelmum
884 2117 925 2148 de
952 2116 1170 2149 Rivoforcato
1187 2116 1242 2147 cui
1258 2116 1325 2147 PP.
1344 2115 1534 2147 contulerat
1552 2124 1670 2146 canon.
1689 2117 1721 2147 et
1743 2115 1846 2156 praeb.
1865 2117 1962 2148 dictae
1978 2117 2073 2152 eccl.‚
2091 2126 2166 2151 vac.
2181 2127 2243 2158 per

225 2159 287 2183 “¹¹¹¹
303 2155 468 2191 Ep¹⁹h⁸¹¹¹ae
484 2154 572 2189 ΠΜ)
641 2171 725 2202 obit.
754 2170 932 2202 Guillelmi
959 2170 1098 2202 Geraldi
1124 2170 1164 2200 de
1191 2170 1284 2201 Sora.
1314 2169 1484 2201 Asserunt
1508 2169 1602 2208 prior
1619 2171 1652 2200 et
1681 2170 1780 2209 capit.
1805 2170 1939 2209 praevfati
1956 2171 2048 2210 quod
2063 2172 2140 2202 ante
2158 2171 2242 2203 obit.

641 2224 722 2255 dicti
740 2223 917 2256 Guillelmi
934 2224 1063 2255 certum
1078 2231 1151 2254 can.
1166 2231 1347 2254 numerum
1362 2222 1399 2253 in
1413 2222 1486 2253 ead.
1502 2222 1583 2254 eccl.
1601 2223 1803 2257 statuerunt,
1818 2225 1851 2254 et
1867 2232 1945 2254 eum
1960 2224 2053 2263 Papa
2066 2224 2246 2256 confirma-

642 2278 690 2309 vit
696 2288 705 2314 ;
727 2277 786 2308 sed
799 2278 952 2316 tempore
969 2277 1091 2308 mortis
1107 2276 1216 2316 eJusd.
1237 2275 1416 2308 Guillelmi
1434 2275 1582 2306 nondum
1599 2276 1641 2307 ad
1655 2278 1786 2307 certum
1803 2285 1982 2308 numerum
2001 2286 2074 2308 can.
2092 2286 2153 2309 nec
2177 2278 2245 2309 dis-

641 2330 840 2362 tinctionem
860 2329 962 2369 praeb.
988 2330 1170 2361 deventum
1186 2331 1248 2361 est.
1268 2347 1306 2352 —
1322 2329 1373 2359 Au
1389 2339 1508 2359 revers:
1530 2329 1598 2360 Ista
1616 2329 1846 2368 producuntur
1866 2330 1908 2361 ad
1925 2330 2138 2369 probandum
2156 2331 2247 2371 quod

644 2384 770 2415 archid.
787 2383 941 2414 Toletan.
959 2391 1025 2414 non
1042 2382 1106 2414 fuit
1124 2391 1197 2414 can.
1217 2391 1244 2414 s.
1263 2382 1419 2422 Caprasii
1436 2384 1610 2422 Agennen.
1628 2382 1723 2423 (Or-iq.
1740 2392 1830 2424 ρει-9.
1849 2393 2004 2424 maynum,
2022 2393 2054 2414 n.
2069 2384 2114 2423 3.)

292 2441 325 2467 11
347 2439 401 2474 seb.
421 2438 508 2466 1318.
688 2434 799 2465 8366.
820 2431 867 2458 -’
879 2436 1066 2467 Processus
1084 2435 1194 2467 factus
1211 2444 1323 2466 coram
1344 2435 1539 2467 Raimundo
1553 2436 1696 2467 ‚Iuvenis
1712 2436 1892 2468 scolastico
1910 2437 2173 2476 Petragoricen.‚
2190 2445 2244 2468 cu·

645 2490 704 2521 riae
719 2497 860 2521 camerae
883 2489 983 2529 Papae
1001 2488 1151 2529 generali
1168 2488 1329 2526 auditori,
1355 2489 1532 2520 continens
1552 2490 1767 2528 transumpta
1794 2490 1980 2520 multorum
2008 2490 2247 2521 instrumento-

645 2552 721 2575 rum
733 2542 896 2574 factorum
912 2550 1014 2582 super
1026 2541 1221 2573 venditione
1235 2542 1340 2573 trium
1351 2542 1526 2582 galearum
1540 2550 1600 2581 per
1610 2541 1774 2573 Jacobum
1785 2542 1826 2573 de
1838 2542 2030 2581 Vagueriis,
2043 2542 2247 2582 burgensem

646 2595 852 2633 Massilien„
871 2595 950 2626 d.no
964 2594 1104 2627 Mathaeo
1123 2595 1163 2626 de
1180 2595 1349 2627 Varennis
1369 2595 1411 2627 R.
1427 2595 1466 2626 F.
1483 2597 1515 2627 et
1533 2595 1576 2627 N.
1592 2595 1708 2633 militi,
1728 2595 1865 2627 nomine
1882 2596 1983 2636 Papae
2006 2597 2038 2626 et
2056 2595 2137 2627 dicti
2156 2595 2247 2636 regis

647 2649 784 2686 ementi,
801 2648 911 2688 pretio
924 2649 1004 2680 4200
1024 2648 1097 2680 flor.
1110 2648 1185 2679 auri
1201 2648 1301 2680 facta.
1319 2648 1426 2689 (Perq.
1444 2658 1596 2689 maqmcm,
1614 2657 1647 2679 n.
1663 2650 1706 2688 4.)

207 2730 210 2734 ,
251 2709 356 2736 Datum
374 2703 555 2738 Ananiam.
693 2699 804 2731 8367.
824 2701 955 2733 -Litt.
973 2701 1113 2732 Joannis
1129 2701 1228 2741 Papae
1243 2701 1344 2733 XXII
1358 2701 1522 2741 magistro
1540 2701 1611 2733 ord.
1632 2701 1754 2733 domus
1770 2701 1803 2732 S.
1823 2700 1868 2732 M.
1891 2701 2176 2732 Theotonicorum
2195 2701 2249 2733 Je-

291 2757 332 2786 23
349 2757 403 2793 reb.
427 2757 514 2785 1318.
649 2754 876 2787 rosolimitan.
904 2762 1035 2785 necnon
1059 2754 1258 2794 praeceptori
1285 2754 1321 2786 in
1346 2754 1509 2792 Livoniae,
1532 2753 1933 2794 commendatoribusque
1958 2754 1998 2785 de
2023 2754 2249 2786 Dunamunde

279 2803 334 2837 (Ἧι
352 2801 412 2830 kal.
432 2801 533 2837 mart.)
650 2810 683 2841 et
699 2809 740 2839 de
755 2807 896 2842 Vellin.,
908 2816 945 2838 ac
964 2807 1005 2838 de
1021 2807 1150 2844 Vonda‚
1163 2807 1245 2838 dicti
1263 2808 1348 2845 ord„
1368 2807 1404 2839 in
1419 2808 1554 2847 Rigen.‚
1573 2807 1713 2847 ejusque
1728 2806 1880 2838 Livoniae
1897 2807 1930 2838 et
1946 2806 2097 2838 Prussiae
2114 2807 2250 2847 provin-

651 2862 715 2894 ciis
731 2860 938 2897 constitutis,
951 2868 1080 2892 necnon
1091 2860 1266 2892 Florentio
1281 2860 1408 2892 decano
1421 2860 1603 2892 Tarbaten.
1621 2861 1654 2892 et
1669 2859 1748 2891 aliis
1762 2859 1871 2900 laycis
1886 2859 1994 2896 civit.,
2009 2859 2055 2890 di.
2067 2861 2101 2891 et
2113 2860 2251 2900 provin-

651 2915 711 2947 ciae
726 2914 847 2954 Rigen.
863 2913 1003 2951 directa,
1027 2922 1095 2953 qua
1114 2913 1228 2945 mand.
1249 2914 1300 2945 eis
1315 2915 1353 2945 ut
1378 2914 1469 2944 infra
1485 2922 1518 2944 vr
1542 2921 1677 2944 menses
1694 2921 1808 2943 coram
1831 2912 1961 2952 Papam
1986 2921 2022 2944 se
2045 2915 2252 2953 praesentent

652 2969 767 3008 ipsum
783 2964 999 2998 informatur]
1015 2975 1118 3006 super
1135 2967 1227 2998 statu
1243 2965 1323 2999 eccl.
1348 2966 1488 2998 illarum
1506 2966 1655 3006 partium
1668 2965 1857 2996 carentium
1875 2967 2013 3006 propter
2027 2967 2251 2999 contumelias

382 3022 527 3050 JOANNIS
542 3020 601 3050 ΧΠ.
622 3037 654 3043 -
669 3021 701 3049 Τ.
724 3021 758 3050 ll.
2076 3020 2112 3048 35
