2592 3562
190 373 293 400 Datum
313 368 496 403 Avenione.

218 474 336 510 3Uapr.
354 474 440 503 1318.
458 476 466 495 ¹

225 519 260 553 (11
278 518 339 546 kal.
358 519 454 554 maii.)

286 563 316 590 T.
338 564 396 591 XII.

190 743 204 769 1
218 741 304 776 (kal.)
320 742 492 771 maii1348.

279 786 309 813 Τ.
331 787 400 813 XVI.

301 862 337 891 Ut
352 871 375 890 s.

240 1129 276 1157 Ut
295 1137 318 1156 s.
335 1145 372 1151 —
386 1130 431 1158 Gr.

294 1450 331 1478 Ut
351 1459 374 1478 s.

301 1707 334 1735 Ut
348 1716 372 1735 S.

242 1752 272 1779 T.
290 1752 336 1785 XI,
353 1752 424 1779 XIII.

291 1974 328 2002 Ut
348 1982 372 2001 s.

246 2019 277 2045 T.
292 2019 338 2047 xl.
353 2019 424 2046 XIII.

291 2298 327 2326 Ut
347 2307 370 2326 s.

265 2343 295 2370 T.
312 2344 392 2370 XXX.

291 2406 327 2433 Ut
347 2414 371 2433 3.

278 2450 309 2476 T.
327 2451 383 2477 XX.

291 2566 327 2593 Ut
344 2574 368 2594 s.

267 2610 297 2636 T.
319 2610 390 2638 XIV.

295 2725 329 2754 Ut
345 2734 369 2752 s.

179 2769 228 2797 Gr.
242 2777 293 2804 pro
310 2777 385 2805 pers.
401 2771 480 2798 card.

565 284 741 315 JOANNIS
765 285 883 316 PAPAE
905 287 1007 317 XXII.
1032 289 1280 326 (1316-1334).
1303 306 1342 311 —
1363 289 1549 320 LITTERAE
1572 290 1797 323 COMMUNES
2130 299 2188 328 145

631 475 739 507 7083.
760 493 797 497 -
817 475 936 506 occano
954 476 1093 516 majoris,
1114 482 1143 506 et
1158 486 1260 517 praep.
1281 487 1306 508 s.
1324 476 1456 507 loannis
1475 477 1501 508 C
1502 478 1702 515 onstantien„
1718 489 1753 509 ac
1771 484 1852 509 cant.
1880 479 2019 511 Werden.
2040 482 2189 513 Constan-

586 531 657 561 cien.
677 530 735 562 di..
761 530 874 562 mand.
892 531 929 560 ut
954 529 1101 560 Rudolfo
1129 530 1169 560 de
1185 530 1366 570 Liebegge,
1389 539 1462 561 can.
1489 531 1570 561 eccl.
1597 532 1777 568 Beronen.,
1796 533 2029 565 constantien.
2054 536 2112 572 di.,
2131 537 2188 576 qui

585 585 698 615 studio
724 583 921 623 theologicae
945 582 1129 619 facultatiS,
1155 583 1245 622 quod
1271 577 1312 614 de
1338 584 1496 614 mandato
1525 583 1592 614 ΡΡ.
1611 593 1665 624 ap.
1685 585 1718 616 S.
1748 586 1790 616 A.
1813 586 1954 625 regitur,
1975 588 2187 626 immoratur,

585 637 715 668 fructus
731 638 897 668 dictorum
917 645 1034 667 canon.
1052 637 1084 667 et
1098 635 1200 675 praeb.
1218 636 1341 667 faciant
1359 645 1419 676 per
1435 637 1707 676 quinquennium
1724 638 1853 678 integre
1870 639 2072 671 ministrari.
2090 642 2141 680 (A.
2157 643 2187 677 9,

585 690 606 721 f.
625 692 684 721 274
699 690 728 726 b;
753 689 786 720 V.
800 691 851 727 68,
873 699 925 729 ep.
943 691 1022 721 1243
1037 690 1089 727 Β.)

629 740 739 772 7084.
759 761 798 766 -
822 743 981 774 Facultas
1003 742 1151 774 testandi
1180 741 1316 773 Guidoni
1332 752 1402 783 ep.o
1421 742 1598 775 Ferravien.
1616 743 1668 782 (A.
1687 745 1718 781 8,
1738 744 1762 774 f.
1777 746 1839 776 450
1855 750 1884 782 ⁸5
1906 745 1942 776 V.
1959 747 2009 783 67,
2030 755 2082 786 ep.
2103 748 2188 787 893.)

628 864 739 895 7085.
759 885 796 890 —
816 866 985 897 Abbatissae
1000 870 1027 896 et
1043 875 1128 897 conv.
1147 870 1276 896 monast.
1293 865 1330 896 de
1354 866 1556 903 Veterimuro,
1576 868 1615 899 Ο.
1639 867 1671 899 S.
1692 869 1743 904 B„
1759 868 1913 900 Castren.
1932 869 1996 906 di.;
2013 870 2189 902 confirma—

582 921 638 951 tur
654 921 858 959 permutatio
875 920 955 951 eccl.
974 921 1012 951 B.
1030 919 1078 950 M.
1096 919 1137 950 de
1153 919 1295 959 Argiua,
1314 920 1400 950 alias
1423 920 1605 951 nominatae
1630 921 1670 952 de
1697 921 1917 960 Nemoribus,
1943 931 2020 954 cum
2045 924 2188 955 annexis

582 974 744 1008 Vauren„
762 974 843 1005 olim
861 973 1022 1004 Tolosan.
1046 973 1104 1007 di.,
1130 972 1217 1003 sacta
1232 981 1309 1003 cum
1329 973 1483 1012 prioratu
1505 983 1532 1004 s.
1546 974 1689 1005 Joannis
1708 975 1748 1006 de
1765 975 1983 1013 MonialibuS.
2002 977 2083 1008 dicti
2101 977 2186 1015 ord„

582 1027 796 1057 Lomberien.
826 1027 871 1057 di.
882 1037 891 1062 ;
917 1026 1136 1057 confirmatur
1151 1026 1254 1057 etiam
1274 1026 1455 1064 ordinatio,
1476 1027 1555 1058 inde
1574 1028 1701 1065 secuta,
1722 1029 1763 1059 de
1785 1028 1865 1059 eccl.
1886 1030 1918 1060 et
1937 1029 2090 1069 prioratu
2105 1039 2188 1070 prae-

582 1080 693 1110 dictis.
711 1079 762 1119 (V.
778 1082 829 1115 67,
845 1089 898 1119 ep.
914 1079 1000 1118 918.)

627 1130 737 1161 7086.
755 1150 795 1155 -
812 1132 986 1163 Raimundo
1011 1132 1152 1173 Auqerii,
1172 1128 1243 1163 PF.
1262 1131 1384 1170 famil,
1408 1133 1498 1169 conf.
1527 1136 1622 1164 motu
1638 1134 1776 1174 proprio
1795 1135 1931 1174 paroch.
1952 1136 2032 1167 eccl.
2053 1145 2080 1166 s.
2099 1137 2187 1168 Lau-

582 1187 681 1216 rentii
699 1187 739 1217 de
754 1186 940 1225 Caprasiis,
958 1185 1152 1217 Narbonen.
1173 1185 1233 1222 di.,
1251 1194 1353 1224 quam
1369 1186 1530 1217 Sicardus
1547 1187 1588 1218 de
1605 1187 1732 1225 Vauro,
1753 1188 1820 1219 PP.
1838 1197 1924 1228 cap.,
1938 1189 2037 1228 Juxta
2050 1190 2184 1221 constit.

581 1248 683 1279 super
708 1239 831 1279 plural.
860 1239 972 1270 benef.
992 1239 1124 1270 dimisit
1131 1248 1140 1274 3
1158 1247 1225 1270 non
1247 1238 1334 1270 obst.
1353 1240 1444 1279 quod
1462 1249 1582 1271 canon.
1601 1241 1682 1271 eccl.
1703 1241 1868 1285 Agathen.
1886 1241 1950 1272 sub
1968 1251 2063 1282 exsp.
2081 1243 2185 1282 praeb.

580 1295 613 1323 et
629 1293 790 1324 vicariam
810 1292 892 1324 eccl.
912 1292 1022 1324 Castri
1037 1292 1078 1323 de
1094 1292 1219 1329 Modio,
1238 1292 1446 1332 Forojulien.
1465 1293 1525 1331 di.,
1544 1293 1706 1331 obtineat,
1726 1296 1759 1325 et
1774 1295 1885 1326 benef.
1903 1295 1939 1326 in
1955 1296 1999 1326 di.
2019 1296 2183 1336 Agathan.

581 1348 764 1385 exspectet.
787 1363 826 1368 —
847 1346 874 1377 1.
892 1355 920 1377 e.
948 1355 992 1376 m.
1015 1346 1140 1377 decano
1161 1345 1359 1385 Vapincen.‚
1389 1348 1421 1377 et
1440 1347 1648 1378 Avenionen.
1671 1356 1707 1378 ac
1732 1348 1897 1388 Agathen.
1923 1350 2078 1380 sacristis
2104 1350 2184 1381 eccl.

581 1399 632 1437 (A.
652 1401 683 1435 9,
699 1399 722 1429 f.
739 1401 797 1431 148
810 1404 839 1436 ¹¹3
862 1399 898 1432 V.
916 1400 968 1437 68,
985 1408 1037 1439 ep.
1055 1400 1158 1438 1002.)

625 1449 734 1481 7087.
754 1470 791 1475 -
807 1452 976 1493 Archiep.0
994 1452 1167 1488 Arelatem,
1179 1457 1207 1482 et
1222 1462 1292 1493 ep.o
1307 1452 1514 1492 Forojulien.,
1531 1463 1565 1483 ac
1582 1453 1651 1484 abb.
1671 1459 1800 1485 monast.
1815 1465 1840 1486 s.
1857 1455 2023 1486 Saturnini
2043 1455 2184 1487 Tolosam.

580 1506 692 1536 mand.
714 1507 750 1537 ut
767 1505 891 1542 benef„
907 1506 1069 1542 decimas,
1086 1514 1152 1542 res,
1173 1506 1273 1543 bona,
1289 1506 1432 1542 fructus,
1449 1507 1602 1538 redditus
1617 1509 1649 1538 et
1665 1510 1850 1547 proventus
1867 1509 1910 1539 ad
1930 1518 2083 1540 mensam
2099 1510 2187 1549 epis-

579 1568 652 1598 cop.
671 1559 848 1590 Caturcen.
867 1559 1068 1599 spectantia,
1086 1568 1105 1590 a
1121 1559 1296 1590 nonnullis
1314 1560 1402 1599 ep-is
1420 1560 1598 1591 Caturcen.
1617 1561 1775 1598 alienata,
1801 1570 1876 1601 ep.o
1893 1563 2071 1599 Caturcen,
2089 1563 2186 1594 resti-

579 1612 628 1642 tui
653 1612 788 1650 faciant,
812 1612 911 1652 Juxta
939 1612 1189 1643 revocationem
1214 1613 1401 1644 Clementis
1425 1613 1491 1644 ΡΡ.
1520 1614 1561 1651 V,
1595 1614 1744 1645 instante
1771 1615 1911 1654 praefato
1938 1624 2026 1655 ep.0.
2057 1615 2107 1654 (V.
2134 1617 2185 1653 68,

579 1674 631 1705 ep.
650 1665 754 1706 1045.)

624 1716 734 1747 7088.
756 1737 793 1742 --
812 1718 932 1759 Anqelo
951 1718 1093 1749 silvestri
1109 1728 1203 1758 prov.
1221 1728 1339 1750 canon.
1359 1719 1440 1751 eccl.
1467 1720 1655 1752 Viterbien.
1683 1721 1747 1752 sub
1762 1730 1857 1761 exsp.
1874 1721 1991 1762 praeb.,
2011 1731 2078 1754 non
2096 1723 2184 1756 obst.

578 1772 667 1811 quod
682 1772 714 1803 S.
733 1772 779 1803 M.
799 1772 839 1803 de
862 1772 1014 1803 Vetralla
1030 1771 1251 1812 archipresb„
1278 1774 1311 1804 et
1327 1782 1445 1804 canon.
1467 1783 1504 1804 ac
1527 1774 1631 1814 praeb.
1653 1774 1687 1806 S.
1711 1775 1755 1806 M.
1779 1775 1819 1806 de
1836 1775 1943 1806 Bleda
1958 1776 2053 1813 eccl„
2071 1776 2185 1807 Viter-

578 1825 666 1857 bien.
686 1829 718 1856 et
735 1826 924 1857 Tuscanen.
949 1826 1007 1862 di.,
1027 1827 1065 1856 25
1080 1826 1152 1856 flor.
1169 1826 1243 1856 auri
1256 1826 1420 1864 valentes,
1437 1827 1600 1858 obtineat.
1616 1846 1655 1850 —
1670 1828 1695 1859 Ι.
1715 1837 1744 1859 e.
1764 1837 1808 1859 m.
1828 1829 1935 1868 priori
1952 1829 1985 1860 S.
2004 1830 2048 1860 M.
2067 1830 2183 1867 Novae,

578 1887 615 1909 ac
631 1879 776 1918 archipr.
797 1889 824 1910 s.
846 1879 932 1910 Sixti
949 1879 1151 1916 Viterbien.‚
1169 1881 1202 1910 et
1219 1879 1460 1911 ildebrandino
1475 1881 1515 1912 de
1534 1881 1678 1918 Comite,
1699 1890 1772 1912 can.
1789 1881 1955 1913 Senonen.
1980 1883 2061 1914 eccl.
2082 1883 2134 1922 (A.
2152 1886 2182 1921 9,

578 1932 600 1963 f.
620 1935 657 1963 77
674 1932 702 1968 b,
725 1933 762 1963 V.
780 1933 830 1969 68,
850 1942 902 1972 ep.
923 1932 1027 1971 1131.)

623 1983 733 2015 7089.
755 2004 790 2008 -
808 1986 922 2017 ,Ioanni
940 1986 977 2016 de
999 1985 1235 2026 Bordolayrano
1251 1987 1386 2026 paroch.
1406 1987 1486 2018 eccl.
1503 1988 1544 2019 de
1561 1989 1740 2020 Rovenaco
1765 1991 1797 2021 et
1819 1998 1846 2020 s.
1868 1990 2011 2021 Joannis
2027 1990 2067 2021 de
2084 1991 2184 2021 Para-

577 2039 675 2071 collis
692 2040 732 2070 ad
751 2040 896 2071 invicem
919 2048 1071 2076 annexae,
1093 2040 1243 2071 Electen.
1260 2040 1320 2076 di.,
1339 2041 1559 2072 conferuntur
1574 2044 1652 2081 post
1669 2042 1908 2074 dimissionem
1926 2052 1946 2074 a
1962 2043 2127 2075 Gasberto
2142 2044 2183 2074 de

577 2092 675 2124 Valle
689 2093 786 2132 juxta
798 2093 933 2124 constit.
947 2101 1051 2132 super
1066 2093 1189 2132 plural.
1206 2093 1319 2124 benef.
1335 2103 1388 2134 ap.
1406 2095 1440 2126 S.
1457 2095 1496 2126 A.
1512 2094 1656 2132 factam3
1674 2104 1740 2127 non
1755 2095 1843 2127 obst.
1861 2096 1997 2136 quodin
2011 2097 2181 2128 Lodoven.

576 2148 608 2177 et
625 2146 859 2182 Catalaunen.,
883 2155 920 2176 ac
939 2155 967 2177 S.
991 2138 1167 2177 Affro'disii
1190 2147 1358 2178 Biterren.
1382 2147 1464 2178 eccl.
1488 2157 1605 2179 canon.
1634 2150 1666 2179 et
1683 2149 1786 2188 praeb.
1812 2149 1973 2181 obtineat.
1992 2167 2030 2172 —
2043 2150 2071 2180 Ι.
2090 2158 2119 2180 e.
2137 2159 2181 2181 m.

576 2200 701 2230 decano
720 2199 948 2239 Cartaginem,
968 2201 1000 2230 et
1023 2208 1126 2239 praep.
1145 2200 1369 2240 Magalonen„
1394 2209 1432 2231 ac
1457 2201 1580 2232 Joanni
1605 2202 1646 2232 de
1675 2210 1702 2233 S.
1727 2202 1912 2234 Guillelmo
1929 2212 2001 2234 can.
2025 2203 2181 2234 Anicien.

577 2253 629 2290 (A.
645 2254 675 2288 9,
694 2253 715 2283 f.
734 2254 771 2283 13
789 2252 819 2289 ¹>3
843 2252 875 2282 V.
890 2253 941 2289 68,
957 2261 1010 2292 ep.
1028 2253 1132 2291 1150.)

621 2302 733 2334 7090.
755 2323 787 2328 -
813 2304 996 2341 Castellum,
1013 2304 1154 2345 Cluqien.
1175 2316 1210 2336 ac
1235 2305 1381 2337 Par-men.
1399 2308 1462 2348 ep.i
1483 2308 1606 2339 dantur
1630 2310 1667 2339 ut
1681 2308 1814 2348 Judices
1831 2311 2088 2341 conservatores
2104 2309 2183 2341 Gui-

576 2359 668 2395 doni,
687 2368 764 2398 ep.o
778 2358 1003 2390 Feri-ariensi.
1022 2358 1075 2399 (A.
1090 2361 1121 2396 9,
1136 2359 1158 2389 s.
1178 2361 1238 2391 245
1255 2365 1286 2397 ³3
1311 2359 1345 2390 V.
1361 2362 1412 2398 68,
1430 2370 1483 2401 ep.
1502 2361 1608 2401 1307.)

621 2409 730 2440 7091.
751 2429 789 2434 -
807 2411 949 2442 Arnaldo
966 2412 1004 2442 el.
1023 2412 1210 2443 Lomberien.
1228 2422 1320 2445 conc.
1345 2413 1446 2445 facul.
1469 2415 1663 2452 promoveri
1680 2415 1828 2446 faciendi
1844 2424 1880 2447 se
1899 2416 1940 2447 ad
1957 2417 2105 2452 ordines,
2122 2424 2182 2447 nec

577 2475 641 2497 non
669 2465 855 2505 recipiendi
881 2468 1066 2496 consecrat.
1094 2474 1219 2497 munus
1248 2476 1267 2498 a
1294 2475 1508 2508 quocumque
1536 2468 1696 2500 maluerit
1718 2469 1881 2501 antistite.
1900 2470 1953 2509 (A.
1972 2472 2001 2507 7,
2026 2469 2047 2500 f.
2071 2470 2131 2500 536
2152 2474 2180 2505 ³;

580 2519 616 2550 V.
633 2520 683 2555 68,
702 2527 754 2558 ep.
776 2519 877 2557 1458.)

621 2568 731 2600 7092.
759 2589 798 2593 —
822 2571 976 2608 Arnaldo,
1003 2581 1072 2612 ep.o
1097 2572 1326 2613 Pampilonen„
1347 2574 1512 2614 indulget.
1541 2575 1577 2606 ut
1595 2583 1662 2606 non
1683 2575 1770 2606 obst.
1798 2575 1991 2615 juramento
2016 2584 2076 2615 per
2104 2583 2182 2606 eum

576 2625 739 2665 praestito,
756 2625 805 2656 uti
823 2624 929 2656 moris
945 2626 1009 2663 est,
1025 2624 1131 2657 limen
1149 2626 1391 2666 Apostolorum
1415 2628 1562 2668 singulis
1583 2628 1743 2659 trienniis
1759 2628 1898 2660 visitare
1914 2628 2055 2660 minime
2070 2630 2183 2660 tenea-

574 2680 639 2710 tur.
659 2678 712 2718 (A.
731 2679 780 2716 10,
798 2677 821 2708 f.
841 2678 878 2709 12
893 2677 926 2714 ¹³3
946 2677 979 2708 V.
995 2679 1046 2716 68,
1066 2687 1119 2718 ep.
1138 2680 1215 2711 1511
1232 2679 1286 2719 Ε.)

621 2728 730 2760 7093.
751 2748 789 2753 -
804 2730 957 2770 Arnaldo,
981 2741 1007 2763 s.
1026 2731 1191 2762 Eustachii
1205 2733 1285 2763 diac.
1306 2733 1404 2771 card„
1425 2734 1514 2765 conf.
1533 2735 1626 2766 motu
1649 2735 1788 2774 proprio
1804 2734 1940 2774 paroch.
1960 2733 2040 2766 eccl.
2059 2734 2099 2765 de
2119 2733 2182 2765 Po-

575 2784 749 2821 dioviridi,
758 2784 975 2824 Mirapiscen.
988 2784 1048 2822 di.,
1061 2793 1131 2816 vac.
1147 2794 1208 2825 per
1221 2786 1460 2818 dimissionem
1474 2787 1639 2819 Bernardi
1654 2787 1792 2819 Tardivi
1805 2787 1925 2819 factam
1934 2787 2032 2827 juxta
2045 2787 2180 2818 constit.

575 2847 678 2878 super
694 2837 818 2877 plural.
835 2837 965 2875 benef.;
983 2846 1050 2869 non
1067 2838 1154 2871 obst.
1174 2839 1332 2871 omnibus
1356 2840 1469 2872 benef.
1486 2841 1540 2872 hic
1556 2849 1622 2872 non
1640 2841 1826 2880 expressis.
1845 2859 1882 2863 —
1905 2841 1931 2871 Ι.
1951 2849 1979 2871 e.
1999 2849 2044 2871 m.
2063 2840 2182 2871 Lemo-

610 2966 632 2990 1.
651 2965 682 2990 R.
699 2965 733 2989 V.
751 2964 817 2989 idus
831 2963 911 2989 maii.

286 3020 432 3050 JOANNIS
452 3023 538 3055 xxn.
556 3039 593 3045 —
606 3023 637 3051 T.
657 3023 691 3051 11.
2006 3025 2039 3052 19
