2592 3562
352 340 413 370 ⁴22

383 431 485 459 Datum
504 424 689 460 Avenione.

351 641 372 669 2
389 644 431 678 (ιν
451 639 532 672 ηοη.)
550 648 618 675 ααῃ.
635 638 721 668 1319.

446 687 477 714 Τ.
495 687 541 720 XI,
557 686 627 714 xlv.

444 962 479 990 Ut
496 970 519 989 s.
534 977 568 981 —
583 962 629 988 Gr.

494 1069 530 1096 Ut
544 1077 567 1095 s.

449 1113 487 1142 τ,
503 1113 536 1146 Χ,
552 1112 609 1139 xn.

494 1334 530 1361 Ut
547 1342 571 1361 s.

440 1379 472 1406 T.
490 1378 536 1411 XI,
547 1378 625 1406 XIII.

494 1604 529 1632 Ui
548 1613 572 1631 s.

481 1650 512 1676 T.
531 1649 586 1675 XX.

493 1710 528 1738 Ut
549 1719 572 1737 s.

482 1756 512 1782 T.
528 1756 583 1782 XX.

492 1925 527 1951 Εἰ
548 1933 570 1951 s.

453 1970 483 1996 T.
500 1970 532 2002 X,
553 1970 610 1996 XII.

346 2137 365 2164 4
384 2137 418 2172 (n
436 2137 516 2168 nou.)
537 2145 602 2171 αιιῃ.
627 2137 715 2164 1319.

438 2182 469 2209 Τ.
487 2182 532 2215 XI,
549 2182 621 2209 xm.

369 2511 387 2539 5
406 2511 498 2546 (non.)
516 2519 581 2545 αυῃ.
603 2510 689 2538 1319.

370 2555 372 2557 ’
470 2557 500 2583 Τ,
521 2556 592 2583 XVI.

490 2672 526 2699 Ut
544 2680 567 2698 s.

434 2717 466 2743 Τ.
487 2717 533 2750 XI,
554 2716 628 2744 XIII.

488 2938 526 2967 Ut
546 2948 570 2966 s.

450 2985 480 3011 T.
503 2985 535 3018 X,
552 2984 610 3011 xii.

2020 0 2025 2 “
2099 0 2343 29 “fv-vva?
2359 10 2376 32 ,⁷
2393 16 2395 18 ,
2405 14 2408 26 .
2420 11 2446 32 ³;

753 337 926 370 JOANNIS
949 338 1068 370 PAPAE
1090 339 1192 370 XXII.
1215 340 1464 381 (1316-1834).
1489 359 1526 366 -
1549 342 1736 374 LITTERAE
1758 342 1984 375 COMMUNES

770 531 855 572 nbi).
879 535 1025 563 monast.
1057 541 1085 563 s.
1114 531 1211 564 Sabae
1233 532 1274 565 de
1300 532 1405 571 Urbe,
1430 542 1469 566 ac
1496 541 1602 574 proep.
1626 534 1707 566 eccl.
1734 534 1917 567 Novarien.
1942 535 1997 576 (A.
2024 536 2075 572 12,
2098 534 2122 567 s.
2145 537 2203 568 176
2223 541 2253 574 ·;
2277 536 2312 568 V.
2327 539 2383 576 69,

779 595 832 626 ep.
850 586 954 625 1019.)

822 636 933 668 9885.
950 656 989 662 -
1004 638 1137 670 Mamaea
1162 638 1327 676 Leomnii,
1349 639 1421 672 cler.
1446 640 1586 678 lemtim,
1604 640 1846 673 ambassiatori
1868 641 1987 682 populi
2016 641 2176 680 Romani,
2206 642 2244 675 fit
2272 644 2381 684 gratia

779 701 875 732 exsp.
902 691 1029 729 benef„
1045 692 1148 723 eiiam
1177 692 1207 724 si
1224 692 1314 733 dign.
1342 693 1398 726 vel
1416 695 1621 734 personatus
1639 694 1766 726 existat
1789 703 1818 726 c.
1834 702 1863 727 c.
1880 694 1935 726 vel
1954 703 1983 726 s.
2000 703 2043 733 c.,
2069 695 2112 727 ad
2137 695 2382 738 cujuscumque

779 746 891 777 collat.
909 745 1033 785 pertin.
1045 746 1099 786 (60
1113 745 1186 777 flor.
1203 745 1304 787 auri).
1316 746 1351 778 iu
1367 747 1460 778 civit.
1474 746 1527 778 vel
1545 746 1591 778 di.
1607 746 1755 784 Reatin„
1767 747 1870 779 etiam
1884 747 1919 779 in
1930 747 2115 780 cathedrali
2133 751 2190 781 aut
2202 749 2383 790 collegiata

778 799 878 835 eccl.;
896 807 960 830 non
978 798 1065 830 obst.
1084 799 1118 830 in
1134 799 1168 831 S.
1187 799 1232 831 M.
1249 801 1281 831 et
1304 808 1332 831 s.
1350 799 1444 832 Petri
1470 800 1704 840 Assivingian.
1723 809 1761 832 ac
1777 800 1812 832 in
1829 800 1864 832 S.
1880 801 1926 833 M.
1948 801 1991 833 de
2005 801 2164 842 Layrano
2180 802 2277 841 eccl„
2291 803 2379 836 Rea·

778 852 840 884 tin.
859 854 891 883 et
917 852 1102 883 Tusculan.
1120 852 1180 890 di.,
1205 853 1423 885 clericatibus
1451 855 1503 892 (15
1526 853 1600 884 ssor.
1624 853 1726 892 auri).
1742 870 1782 876 —
1802 853 1830 884 l.
1849 862 1878 886 e.
1895 862 1941 886 m.
1959 855 1998 886 ut
2021 863 2061 892 1.,
2079 863 2113 887 n.
2138 856 2230 888 9881.
2254 856 2308 896 (A.
2330 857 2381 895 12,

779 906 801 937 f.
820 908 876 937 177
895 911 924 943 ¹¹;
950 904 985 936 V.
998 907 1050 944 69,
1064 914 1117 946 ep.
1135 906 1240 947 1021.)

822 956 933 988 9886.
954 976 995 982 -
1020 959 1136 990 Facul.
1154 959 1375 1000 dispensandi
1397 969 1473 991 cum
1490 969 1511 991 x
1527 960 1607 991 cler.
1625 959 1666 991 de
1681 959 1794 991 soluto
1811 959 1937 999 genitis
1953 961 1986 992 et
2001 961 2115 993 soluta
2130 969 2234 1002 super
2247 962 2382 996 defectu

778 1012 943 1044 natalium
962 1011 1103 1043 Arnaldo
1120 1022 1190 1053 ep.o
1205 1012 1355 1044 Albanen.
1372 1013 1424 1052 (A.
1439 1014 1488 1049 12,
1506 1012 1528 1044 f.
1548 1014 1607 1044 128
1624 1018 1655 1050 ³3
1675 1013 1710 1044 V.
1727 1014 1778 1049 69,
1800 1021 1853 1053 ep.
1871 1014 1976 1052 1023.)

821 1063 933 1095 9887.
952 1084 991 1089 —
1006 1066 1124 1097 Joanm'
1143 1070 1216 1096 nato
1241 1066 1374 1098 Joanm's
1395 1066 1535 1103 Abbatis,
1562 1066 1645 1097 cler.
1670 1067 1703 1098 et
1725 1066 1835 1098 famil.
1862 1066 2004 1099 Roberti
2026 1067 2118 1108 regis
2140 1068 2334 1102 Jerusalem
2347 1070 2382 1102 οἳ

777 1119 914 1157 Siciliae,
933 1120 1023 1151 cons.
1046 1128 1165 1151 canon.
1182 1119 1262 1151 eccl.
1279 1120 1443 1160 Capuan„
1462 1119 1497 1150 in
1514 1128 1582 1159 qua
1597 1121 1710 1151 certus
1725 1119 1965 1151 canonicorum
1982 1129 2146 1153 numerus
2161 1129 2228 1154 non
2248 1122 2382 1160 existit,

778 1182 854 1205 cum
869 1173 974 1213 praeb.
992 1181 1053 1205 seu
1079 1173 1233 1212 portione
1249 1181 1321 1204 vac.
1339 1173 1393 1204 vel
1411 1173 1516 1204 vacat.
1534 1191 1572 1196 —
1590 1173 1618 1204 Ι.
1634 1181 1665 1204 e.
1682 1181 1728 1204 m.
1741 1172 1818 1204 abb.
1834 1174 1981 1206 monast.
1999 1182 2028 1206 s.
2048 1174 2204 1206 Severini
2222 1175 2382 1216 Neapoli-

776 1228 859 1264 tan„
877 1231 910 1258 et
933 1226 1075 1258 Nicolao
1101 1226 1286 1258 Verticello
1316 1235 1355 1257 ac
1373 1226 1476 1257 Petro
1500 1225 1689 1263 Brancacii,
1714 1235 1788 1258 can.
1810 1226 2040 1267 Neapolitan„
2068 1228 2135 1260 ΡΡ.
2153 1237 2227 1269 cap.
2256 1228 2310 1270 (A.
2329 1230 2382 1268 ¹2,

777 1280 801 1311 f.
820 1281 879 1312 178
894 1280 925 1316 ¹¹;
948 1280 984 1312 V.
1004 1281 1055 1318 69,
1074 1288 1126 1319 ep.
1147 1281 1252 1318 1032.)

821 1331 933 1362 9888.
950 1352 989 1356 -
1004 1333 1123 1365 Gratia
1148 1342 1245 1373 exsp.
1261 1333 1372 1364 benef.
1391 1333 1445 1373 (30
1465 1341 1542 1364 unc.
1564 1333 1653 1372 auri)
1665 1333 1700 1364 in
1724 1333 1817 1365 civit.
1834 1333 1888 1365 vel
1905 1333 1950 1364 di.
1968 1334 2147 1372 Aversan„
2166 1335 2297 1368 consid.
2312 1336 2382 1370 Ro-

776 1387 864 1419 berti
879 1387 1070 1419 Jerusalem
1084 1387 1250 1418 etSiciliae
1266 1387 1369 1427 regis,
1384 1386 1499 1417 Joanm·
1511 1385 1578 1427 filio
1591 1386 1724 1417 Joanm’s
1737 1386 1866 1417 Abbatis
1880 1387 1992 1427 ipsius
2005 1387 2096 1429 regis
2110 1388 2190 1421 cler.
2206 1390 2240 1422 et
2254 1387 2381 1429 faimil„

777 1442 831 1473 cui
848 1441 947 1472 hodie
964 1441 1005 1472 de
1022 1449 1140 1472 canon.
1159 1440 1223 1471 sub
1240 1449 1336 1480 exsp.
1355 1439 1460 1480 praeb.
1476 1448 1537 1471 seu
1551 1440 1720 1480 portionis
1737 1440 1818 1472 eccl.
1835 1441 1986 1481 Capuan.
2003 1441 2069 1473 fuit
2089 1442 2279 1482 provisum.
2297 1461 2336 1467 —
2350 1443 2382 1476 Ι.

777 1504 806 1526 e.
823 1504 869 1526 m.
887 1494 963 1526 abb.
986 1495 1131 1526 monast.
1151 1502 1179 1525 s.
1204 1493 1357 1525 Severini
1376 1493 1606 1533 Neapolitan„
1629 1494 1662 1525 et
1674 1493 1816 1527 Nicolao
1837 1494 2036 1534 Verticello,
2051 1495 2246 1536 utriusque,
2265 1504 2305 1528 ac
2318 1496 2383 1529 Pe-

776 1550 829 1580 tro
847 1548 1045 1585 Brancacio,
1064 1547 1156 1578 civil.
1167 1547 1190 1587 j.
1210 1546 1476 1587 professoribus,
1493 1556 1566 1579 can.
1578 1547 1794 1587 Neapolitan.
1813 1547 1866 1587 (A.
1881 1549 1929 1586 12,
1940 1548 1964 1580 f.
1980 1549 2020 1580 84
2035 1548 2071 1587 ¹³3
2085 1549 2122 1581 V.
2137 1550 2189 1588 69,
2206 1558 2259 1590 ep.
2276 1549 2381 1591 1093.)
2432 1543 2435 1545 ’

820 1599 930 1630 9889.
951 1618 989 1623 -
1003 1600 1144 1631 Arnaldo
1168 1610 1238 1641 ep.o
1251 1599 1404 1632 Albanen.
1423 1600 1523 1631 facul.
1542 1600 1736 1632 conferendi
1755 1601 1913 1640 personis
1929 1601 2063 1634 idoneis
2079 1601 2191 1634 benef.
2211 1611 2285 1644 cap.
2302 1595 2382 1636 suo-

776 1665 851 1686 rum
868 1655 1059 1686 cedentium
1074 1655 1125 1685 vel
1142 1654 1345 1685 decentium.
1363 1653 1416 1694 (A.
1428 1655 1478 1691 12,
1490 1654 1512 1685 f.
1529 1655 1583 1686 181
1602 1654 1632 1692 ¹‘;
1658 1654 1695 1686 V.
1712 1656 1764 1692 69,
1783 1663 1836 1695 ep.
1855 1656 1959 1694 1046.)
2334 1682 2336 1686 ,

820 1706 931 1737 9890.
949 1727 987 1731 -
1004 1707 1167 1739 Guillelmo
1184 1717 1255 1746 ep.o
1274 1707 1423 1738 Sabinen.
1442 1707 1542 1739 facul.
1567 1707 1763 1739 conferendi
1788 1709 1963 1740 Amanevo
1979 1709 2020 1740 de
2037 1708 2189 1750 Balagua
2211 1717 2331 1742 canon.
2345 1710 2380 1742 et

776 1762 878 1802 praeb.
898 1762 978 1793 ecel.
998 1762 1175 1801 Bajonen.,
1196 1762 1229 1792 et
1245 1761 1346 1792 Petro
1362 1761 1543 1792 Bertrandi
1561 1761 1602 1792 de
1625 1762 1752 1802 Fageto
1774 1761 1910 1801 paroch.
1935 1762 2016 1793 eccl.
2040 1762 2079 1794 B.
2096 1763 2142 1794 M.
2157 1763 2200 1794 de
2214 1763 2333 1796 Bidart
2346 1763 2382 1796 et

776 1825 804 1847 s.
820 1816 953 1847 Nicolai
975 1816 1015 1846 de
1043 1815 1174 1850 (alatari,
1199 1814 1358 1846 canonice
1377 1823 1541 1850 annexas,
1560 1814 1668 1855 ejusd.
1688 1815 1748 1852 di„
1774 1823 1861 1855 quos
1875 1815 1945 1856 ipsi
1969 1815 2005 1846 in
2020 1816 2094 1847 suis
2115 1815 2275 1848 manibus
2289 1817 2380 1857 apud

775 1871 808 1901 S.
830 1871 869 1901 Α.
887 1878 929 1900 ex
946 1878 1048 1900 causa
1066 1868 1327 1908 permutationis
1341 1868 1449 1900 libere
1465 1868 1693 1909 resignarunt.
1714 1869 1766 1908 (A.
1786 1869 1835 1904 12,
1853 1869 1877 1900 f.
1891 1870 1951 1901 209
1967 1869 1995 1907 ¹³3
2020 1868 2053 1900 V.
2070 1871 2123 1907 69,
2144 1878 2197 1910 ep.
2216 1871 2319 1908 1194.)

819 1921 929 1952 9891.
948 1941 985 1946 -
1007 1923 1130 1954 Collat.
1156 1931 1275 1954 canon.
1300 1921 1363 1953 sub
1381 1930 1476 1962 exsp.
1500 1921 1605 1962 praeb.
1631 1922 1712 1954 eccl.
1741 1931 1770 1953 s.
1791 1923 1934 1954 Joannis
1961 1923 1996 1954 in
2012 1923 2130 1963 Hauge
2149 1924 2246 1955 extra
2262 1932 2379 1957 muros

775 1977 996 2016 Herbipolen.
1014 1976 1169 2013 Conrado,
1186 1975 1254 2016 filio
1268 1975 1381 2017 quand.
1401 1975 1557 2007 Frederici
1571 1975 1676 2007 Bruel.
1694 1978 1732 1998 -ἑ-
1747 1976 1773 2007 Ι.
1793 1985 1821 2007 e.
1841 1985 1886 2007 m.
1901 1984 1977 2016 ep.0
1991 1975 2227 2017 Herbipolen.,
2245 1978 2380 2019 etmag.

776 2031 905 2062 Boxolo
921 2030 961 2061 de
976 2031 1110 2066 Parma,
1127 2030 1327 2066 Tornacen.,
1346 2029 1415 2060 ΡΡ.
1433 2038 1520 2069 cap„
1532 2038 1570 2060 ac
1580 2030 1726 2061 Ernesto
1740 2029 1781 2060 de
1797 2029 1955 2067 Sebeche,
1972 2029 2194 2070 Herbipolen.
2211 2038 2284 2063 can.
2296 2030 2380 2064 ecel.

775 2084 827 2124 (A.
847 2085 895 2120 12,
914 2083 937 2114 f.
956 2084 1015 2114 238
1033 2088 1061 2120 π
1087 2083 1123 2114 V.
1138 2085 1187 2120 69,
1209 2091 1262 2122 ep.
1281 2082 1384 2123 1319.)

818 2134 930 2166 9892.
946 2154 985 2159 -
1004 2136 1166 2167 Ber-nardo
1183 2135 1219 2166 de
1245 2134 1439 2174 Caruilium,
1458 2136 1710 2176 consanguineo
1728 2145 1761 2167 n.
1777 2145 1810 2167 v.
1829 2136 1981 2168 Simonis
2002 2136 2043 2168 de
2059 2136 2271 2176 Pulcroloco‚
2289 2137 2379 2176 mil„
2439 2140 2441 2142 ’

775 2191 933 2230 supplic.³
955 2190 1175 2221 conferuntur
1200 2199 1317 2221 canon.
1339 2191 1372 2221 et
1397 2189 1501 2229 praeb.
1529 2190 1609 2221 eccl.
1626 2189 1819 2224 Gerunden.
1840 2198 1901 2229 per
1918 2189 2079 2230 resignat.
2105 2190 2302 2230 Raymundi
2317 2191 2380 2223 Be-

775 2244 924 2284 rengarii
942 2244 981 2275 de
1007 2243 1199 2274 Cervilione
1221 2252 1274 2283 ap.
1293 2244 1326 2276 S.
1346 2244 1386 2274 A.
1405 2252 1496 2279 vac.;
1514 2251 1580 2274 non
1598 2242 1686 2274 obst.
1705 2243 1907 2283 capellaniis
1926 2243 1998 2274 sive
2013 2243 2260 2283 praestimoniis
2275 2252 2304 2275 s.
2319 2244 2380 2276 Pe-

773 2298 818 2329 tri
833 2298 873 2328 de
893 2298 1010 2333 Podi0‚
1031 2299 1063 2328 et
1085 2298 1125 2327 de
1150 2297 1242 2329 Villa
1259 2298 1434 2328 asinorum
1450 2298 1483 2328 et
1497 2297 1537 2328 de
1554 2296 1799 2328 Rivolucorum
1820 2297 1861 2328 de
1879 2297 1986 2328 Cruce
2001 2297 2168 2334 ecclesiis,
2183 2297 2377 2329 Gerunden.

774 2352 832 2389 di„
851 2360 887 2382 ac
917 2351 1062 2390 quodam
1089 2350 1214 2386 henef.‚
1231 2351 1305 2382 loco
1321 2356 1376 2381 xis
1397 2349 1510 2389 presb.
1525 2350 1712 2390 vulgariter
1741 2352 1945 2390 nuncupato,
1969 2349 2005 2380 in
2022 2350 2103 2381 eccl.
2125 2350 2319 2382 Gerunden.
2338 2368 2379 2374 —

774 2405 800 2436 1.
820 2413 848 2436 e.
868 2414 912 2435 m.
936 2406 1092 2444 praecent.
1112 2404 1299 2444 Urgellen.,
1317 2405 1349 2435 et
1367 2403 1540 2435 Bernardo
1554 2403 1596 2434 de
1610 2403 1783 2435 Vilacerto
1801 2412 1838 2434 ac
1853 2403 1984 2435 Simoni
2006 2403 2047 2434 de
2065 2403 2209 2441 Sexano,
2227 2412 2303 2436 can.
2315 2403 2380 2436 Ge·

773 2458 915 2489 runden.
934 2458 1015 2489 eccl.
1036 2458 1086 2494 (A.
1110 2459 1158 2494 12,
1179 2458 1202 2488 f.
1216 2459 1272 2489 331
1292 2463 1320 2493 ³3
1345 2456 1377 2487 V.
1392 2459 1442 2494 69,
1461 2466 1514 2497 ep.
1533 2456 1638 2496 1307.)

817 2509 928 2540 9893.
946 2529 986 2533 -—
999 2511 1159 2550 Dispens.
1180 2520 1282 2550 super
1310 2515 1356 2541 1v⁰
1375 2511 1595 2551 consanguin.
1612 2511 1718 2551 gradu
1736 2519 1778 2542 ex
1794 2511 1938 2550 utroque
1962 2510 2068 2542 latere
2086 2510 2121 2541 in
2138 2510 2289 2541 matrim.
2303 2519 2378 2542 con-

772 2565 936 2597 trahendo
954 2565 1042 2596 inter
1061 2575 1091 2595 n.
1118 2575 1146 2595 v.
1166 2564 1350 2604 Gaufridum
1366 2564 1402 2595 de
1417 2563 1525 2605 Ruppe
1539 2569 1567 2594 et
1583 2574 1614 2594 η.
1630 2575 1669 2594 m.
1688 2564 1836 2605 Aquelem
1855 2562 2096 2601 ‹le-Berbezillo‚
2119 2562 2332 2604 Enqolismen.
2347 2567 2376 2594 ee

773 2619 964 2650 Xanctonen.
985 2618 1029 2648 di.
1049 2619 1101 2656 (A.
1121 2619 1169 2651 12,
1186 2618 1208 2649 f.
1227 2619 1281 2649 121
1300 2623 1333 2655 ⁸3
1363 2617 1395 2648 V.
1410 2620 1460 2655 69,
1479 2627 1531 2658 ep.
1546 2617 1635 2657 990.)

816 2669 928 2702 9894.
944 2690 982 2694 -
998 2672 1114 2703 Joanm'
1131 2671 1167 2701 de
1181 2672 1389 2709 Brunsberclz,
1404 2671 1485 2702 cler.
1503 2673 1536 2702 et
1553 2671 1660 2702 famil.
1680 2670 1794 2702 Caroli
1809 2679 1899 2711 mag.
1922 2670 2103 2711 hospitalis
2116 2670 2150 2702 S.
2165 2670 2210 2701 M.
2229 2670 2376 2702 Theuto-

773 2727 927 2758 nicorum
943 2725 1227 2762 Jerosolimitan„
1244 2734 1339 2765 prov.
1360 2733 1478 2756 canon.
1497 2724 1561 2756 sub
1574 2733 1670 2765 exsp.
1686 2723 1790 2764 praeb.
1809 2724 1891 2755 eccl.
1909 2723 2167 2756 Wratislavien.
2177 2733 2187 2761 ;
2204 2733 2271 2755 non
2286 2723 2375 2756 obst.

773 2780 863 2820 quod
886 2780 921 2810 in
937 2779 1129 2810 W'armien.
1149 2787 1267 2809 canon.
1289 2779 1321 2809 et
1339 2778 1442 2818 praeb.
1461 2777 1625 2814 obtineat,
1644 2779 1675 2809 et
1692 2778 1727 2809 in
1744 2777 1925 2809 Tarbaten.
1946 2777 2026 2809 eccl.
2044 2776 2183 2817 proprio
2199 2779 2294 2809 motu
2306 2777 2375 2817 ep.i

773 2835 806 2865 et
825 2833 925 2873 capit.
941 2833 977 2863 in
999 2841 1071 2863 can.
1101 2832 1146 2863 sit
1162 2833 1330 2871 receptus.
1347 2849 1386 2854 —
1403 2832 1430 2863 L
1454 2840 1483 2862 e.
1500 2840 1546 2862 m.
1564 2830 1737 2863 Sambien.
1766 2833 1799 2862 et
1822 2830 2059 2862 Pomesanien.
2087 2839 2204 2870 praep„
2230 2839 2268 2862 ac
2285 2838 2375 2871 mag.

773 2888 875 2918 Petro
890 2887 930 2918 de
946 2887 1033 2918 Baro
1056 2885 1182 2916 archid.
1199 2885 1404 2917 Salernitan.
1423 2885 1504 2916 eccl.
1519 2884 1571 2926 (A.
1593 2886 1642 2922 12,
1660 2884 1683 2915 f.
1702 2885 1760 2916 185
1775 2890 1804 2920 ³;
1827 2883 1860 2914 V.
1874 2885 1926 2922 69,
1944 2892 1997 2924 ep.
2017 2884 2123 2923 1055.)

817 2937 926 2969 9895.
943 2957 983 2963 —
997 2939 1046 2971 Id.
1064 2947 1156 2970 conc.
1174 2939 1208 2970 in
1227 2938 1307 2970 eccl.
1326 2947 1352 2969 s.
1380 2938 1552 2970 Simeonis
1573 2938 1754 2970 Treveren.
1771 2937 1889 2968 loanni
1912 2937 1948 2969 de
1973 2936 2113 2975 Cestano,
2136 2946 2209 2968 can.
2225 2935 2371 2977 praeben.

773 2994 853 3025 eccl.
872 3003 899 3025 s.
914 2993 1050 3024 PauIIni
1065 2994 1162 3024 extra
1185 3000 1302 3023 muros
1315 2992 1513 3029 Treveren„
1530 2991 1668 3023 obtentu
1690 2991 1843 3031 praedicti
1855 2990 2023 3031 magistri.
2041 3008 2081 3013 —
2098 2990 2128 3022 Ι.
2146 2999 2175 3022 e.
2193 2999 2238 3022 m.
2259 2998 2288 3021 s.
2304 2990 2372 3021 Ma-
