2592 3562
352 274 390 304 78

385 366 489 394 Datum
506 359 692 394 Avenione.

425 574 466 603 22
483 575 539 610 feb.
558 574 646 603 1318.

406 621 473 654 (vm
489 619 548 648 kal.
567 619 668 655 mart.)

464 664 495 691 Τ.
513 663 609 691 xxvi.

496 735 533 765 Ut
553 744 577 764 s.

481 781 512 808 T.
534 780 590 808 Lx.

499 842 535 870 Ut
549 851 572 870 3.

483 886 514 915 Τ.
531 885 587 914 LX.

423 1109 465 1137 23
482 1109 536 1144 feb.
559 1109 647 1138 1318.

411 1157 466 1190 (v11
482 1153 541 1182 kal.
558 1154 662 1191 mart.)

483 1199 514 1226 T.
530 1199 585 1228 xL.

1514 14 1650 35 ις,
1670 14 1798 37 Age&
1830 10 1848 19 <
2021 15 2024 18 ·
2109 23 2112 26 .

757 271 932 303 JOANNIS
954 271 1074 303 PAPAE
1095 271 1198 302 xxn.
1223 273 1472 310 (1316-1834).
1495 290 1533 295 —-
1556 271 1744 302 LITTERAE
1766 270 1993 302 COMMUNES

774 464 835 495 illa
850 464 1070 495 residentiam
1092 463 1218 495 faciant
1234 465 1266 495 et
1283 463 1406 494 officiis
1422 463 1549 494 divinis
1572 462 1750 499 intersint3
1767 470 1843 492 cum
1868 461 2100 502 assignatione
2121 461 2216 500 2000
2232 461 2294 494 lib.
2312 463 2379 495 tur.

773 526 834 558 pro
855 517 932 548 dole
948 518 1059 558 ipsius
1074 517 1158 549 eccl.
1177 519 1228 554 (A.
1245 519 1276 552 9,
1295 516 1318 547 f.
1339 518 1398 548 104
1415 515 1429 538 b
1445 518 1478 547 et
1495 517 1553 547 119
1574 521 1603 552 ¹¹3
1625 515 1661 547 V.
1678 515 1730 552 68,
1749 523 1803 555 ep.
1823 515 1927 554 1251.)

816 571 827 582 ·
849 567 960 600 635⁰.
983 589 1019 594 -
1043 570 1148 601 Priorz
1163 575 1191 600 et
1207 570 1300 610 capit.
1319 569 1391 600 eccl.
1410 579 1435 599 s.
1456 567 1573 609 Papuli
1598 567 1631 600 O.
1651 567 1686 598 S.
1706 567 1743 598 B.
1763 568 1981 608 assignantur
2002 568 2087 600 certi
2103 568 2258 600 redditus
2274 568 2380 600 divisi

773 633 792 655 a
805 624 994 655 redditibus
1011 624 1091 663 ep.i,
1110 632 1170 663 pro
1186 623 1324 654 annuali
1342 630 1476 653 summa
1493 632 1515 652 u
1532 621 1591 652 lib.
1609 623 1675 652 tur.
1693 621 1866 652 communi
1888 621 2115 653 [estimatione
2137 622 2255 654 taxati.
2275 621 2327 660 (Α.
2346 623 2379 660 9,

773 677 795 708 f.
817 678 875 708 182
890 677 919 713 ¹¹2
946 677 977 707 V.
993 678 1045 713 68,
1067 686 1119 716 ep.
1136 678 1230 712 13013
1249 676 1361 710 Vidal‚
1382 685 1432 716 op.
1451 675 1519 712 cit.‚
1537 675 1610 706 doc.
1630 676 1657 706 L
1676 674 1739 711 bis,
1758 683 1791 714 p.
1809 674 1893 714 162.)

817 728 928 760 6351.
950 748 987 753 -
1007 730 1182 762 Limitatio
1208 730 1254 760 di.
1279 731 1312 760 et
1339 737 1464 759 mensae
1491 728 1697 767 episcopalis
1723 736 1751 758 s.
1778 728 1925 769 Papuli.
1941 727 1995 768 (A.
2017 729 2049 766 9,
2077 728 2101 760 f.
2126 730 2185 760 183
2207 734 2237 766 ²3
2266 728 2302 760 V.
2324 729 2378 766 68,

773 793 825 824 ep.
842 785 936 822 13023
955 784 1065 818 Vidal.
1086 793 1138 824 op.
1161 783 1228 819 cit.¹
1248 783 1321 813 doc.
1340 783 1378 818 L,
1399 791 1430 821 p.
1451 783 1525 817 159;
1543 780 1649 812 Gallia
1667 780 1801 816 Christ..
1831 790 1906 818 xiii,
1924 781 2036 820 instr.‚
2054 781 2120 814 001.
2139 783 2227 821 252.)

820 839 829 848 ·
846 834 957 866 6352.
975 856 1012 860 —
1032 837 1141 876 Erigit
1163 836 1230 867 ΡΡ.
1257 836 1291 866 in
1310 835 1538 866 cathedralem
1555 834 1636 865 eccl.
1653 834 1776 867 Riven.
1797 843 1835 865 ac
1851 834 1981 866 limites
2000 834 2164 875 assignat,
2185 836 2218 866 et
2237 835 2380 875 deputat

774 890 808 921 in
827 891 899 922 ead.
917 891 996 921 eccl.
1016 899 1195 920 numerum
1217 898 1264 919 x11
1286 897 1372 923 can„
1390 888 1577 927 capitulum
1597 887 1806 924 facientium,
1824 896 1970 928 quorum
1990 896 2080 919 unus
2097 887 2144 919 sit
2160 889 2377 929 praepositus,

774 944 862 974 alius
879 944 1018 979 archid„
1039 944 1128 974 alius
1146 942 1301 977 sacrista,
1319 942 1408 972 alius
1431 943 1616 981 praecentor
1632 950 1669 972 ac
1692 941 1845 981 assignat
1866 949 1928 981 pro
1945 941 2024 973 dote
2041 941 2150 982 ejusd.
2165 941 2247 974 eccl.
2265 941 2379 974 varlas

773 998 853 1028 eccl.
872 998 913 1028 ad
927 998 1085 1028 Tolosan.
1104 1005 1219 1036 ep.um
1234 995 1356 1035 perlin.
1376 1004 1435 1034 pro
1450 995 1563 1026 valore
1575 996 1607 1026 et
1620 995 1846 1026 aestimatione
1862 995 1956 1031 2000
1967 994 2028 1026 lib.
2042 996 2110 1026 tur.
2125 995 2178 1034 (Α.
2193 997 2226 1033 9,
2241 994 2264 1027 f.
2277 996 2334 1027 331
2346 999 2378 1033 ·;

778 1050 812 1082 V.
834 1052 884 1084 68,
901 1060 952 1090 ep.
971 1053 1067 1085 1331;
1083 1049 1194 1086 Vidal,
1213 1058 1265 1089 op.
1280 1049 1346 1085 eie„
1363 1049 1436 1079 doc.
1453 1049 1557 1083 XLV,
1576 1057 1608 1088 p.
1627 1049 1711 1087 152.)

818 1101 929 1133 (3353.
949 1122 986 1126 —
1006 1103 1087 1143 May.
1104 1102 1170 1133 ord.
1190 1102 1296 1133 domus
1317 1101 1352 1132 S.
1375 1101 1418 1131 M.
1447 1101 1699 1132 Theotonicorum
1721 1101 1977 1138 Jerosolimitan„
2001 1110 2119 1132 necnon
2140 1101 2324 1143 praeceplori
2345 1100 2379 1132 in

772 1156 903 1188 Livonia
918 1156 1267 1197 commendatoribusque
1283 1155 1319 1186 de
1338 1155 1544 1186 Dunamunde
1562 1160 1590 1186 et
1605 1154 1641 1186 de
1662 1154 1771 1185 Vellin.
1788 1159 1816 1185 ee
1831 1154 1867 1185 de
1892 1154 1992 1185 Venda
2013 1153 2090 1185 dicti
2105 1153 2188 1192 ord„
2205 1155 2239 1185 in
2253 1154 2376 1196 Riqen„

772 1211 870 1251 ejusd.
889 1211 1025 1241 Livoniae
1038 1216 1065 1240 et
1082 1210 1217 1241 Prussiae
1233 1209 1401 1250 provinciis
1419 1209 1608 1246 constitutis3
1630 1218 1747 1238 necnon
1771 1207 1931 1238 Florentio
1955 1208 2068 1239 decano
2086 1207 2264 1246 Turbatam,
2287 1212 2379 1250 atque

771 1264 888 1294 ,loanni
901 1264 937 1295 de
952 1264 1041 1301 Palo,
1061 1263 1248 1294 Welderamo
1257 1262 1294 1294 de
1306 1263 1406 1300 Bosis,
1421 1262 1538 1294 Joanni
1553 1262 1590 1294 de
1603 1262 1630 1292 T
1627 1262 1814 1299 isenheusen,
1825 1261 1940 1293 Joanm'
1952 1265 1980 1292 et
1990 1260 2153 1303 Bodulplzo
2163 1261 2200 1292 de
2210 1258 2379 1303 Hunqan'a

771 1317 931 1356 militibus,
939 1318 1054 1349 Joanni
1066 1317 1269 1358 Ostinqhusen
1281 1321 1309 1347 et
1319 1316 1436 1348 Joanm·
1450 1315 1605 1347 Ilckescule
1617 1315 1705 1346 laicis
1717 1315 1800 1346 civit.
1814 1315 1858 1347 di.
1875 1320 1905 1346 et
1913 1315 2085 1356 provincia?
2098 1315 2208 1356 Riqen.
2221 1315 2378 1348 Romana

772 1372 866 1409 eccl„
876 1372 1047 1403 intellecto
1055 1371 1144 1411 quod
1150 1370 1398 1402 terraLivoniae
1406 1370 1612 1410 paganitatis
1622 1369 1828 1409 sequebatur
1837 1377 1982 1407 errores,
1992 1369 2176 1400 nonnullos
2184 1368 2377 1401 cardinales
2405 1383 2410 1387 ·

772 1428 804 1456 et
822 1426 950 1465 legatos
963 1426 1004 1456 ad
1021 1427 1134 1464 partes
1156 1424 1234 1455 illas
1251 1424 1448 1455 destinavit.
1463 1423 1650 1463 Gregorius
1670 1423 1740 1454 ΡΡ.
1757 1423 1806 1454 IX
1822 1423 1911 1454 inter
1922 1424 2044 1454 eaetera
2060 1423 2180 1454 statuit
2194 1423 2232 1454 nt
2247 1430 2288 1454 ea
2300 1430 2377 1463 qum

771 1479 806 1509 in
820 1479 891 1509 illis
908 1478 1063 1518 partibus
1080 1487 1140 1517 pro
1161 1477 1242 1509 eccl.
1257 1479 1289 1509 et
1302 1477 1540 1518 neophitorum
1557 1476 1714 1508 libertate
1731 1478 1789 1508 aut
1806 1485 1867 1516 pro
1889 1478 1988 1507 terrae
2001 1477 2094 1508 statu
2109 1476 2300 1508 existerent
2314 1483 2377 1516 per

771 1533 803 1564 S.
817 1533 857 1563 A.
874 1532 1040 1570 ordinata,
1055 1541 1073 1562 a
1083 1531 1247 1563 fratribus
1261 1531 1442 1571 hospitalis
1458 1531 1528 1562 ord.
1543 1530 1576 1562 S.
1589 1530 1634 1562 M.
1648 1530 1946 1567 Theotonicorum,
1957 1530 1994 1560 in
2006 1529 2152 1561 Livonia
2166 1528 2376 1566 constitutis,

771 1586 1015 1616 inviolabiliter
1037 1586 1254 1616 servarentur
1263 1595 1273 1622 3
1300 1587 1332 1616 et
1353 1584 1492 1624 praefata
1518 1586 1608 1615 terra
1634 1593 1708 1624 quae
1724 1584 1814 1623 juris
1839 1585 1870 1615 et
1894 1583 2115 1623 proprietatis
2135 1582 2169 1614 b.
2195 1582 2288 1614 Petri
2304 1581 2376 1615 fore
2438 1591 2443 1594 ’

771 1640 992 1679 dignoscitur,
1020 1648 1079 1678 per
1100 1648 1158 1670 eos
1176 1641 1234 1669 aut
1257 1638 1343 1669 alios
1369 1638 1500 1669 nullius
1526 1645 1677 1677 unquam
1700 1637 1880 1676 potestatis
1903 1636 2053 1668 dominio
2077 1635 2292 1668 subderetur.
2309 1634 2378 1668 Sed

771 1703 878 1732 nuper
895 1693 935 1723 ud
959 1693 1167 1723 audientiam
1183 1693 1280 1723 dictae
1298 1692 1390 1722 sedis
1409 1691 1561 1731 pervenit
1578 1691 1680 1730 quod,
1695 1691 1774 1722 licet
1790 1699 1808 1721 a
1825 1690 1995 1730 principio
2012 1690 2047 1722 in
2059 1690 2151 1721 dicta
2164 1691 2257 1721 terra
2271 1689 2378 1722 chris-

770 1747 869 1778 tianae
885 1747 962 1777 fidei
978 1746 1184 1777 succreverit
1197 1745 1353 1780 latitudo,
1374 1746 1565 1785 posteriora
1581 1753 1647 1775 non
1666 1745 1802 1775 fuerunt
1820 1743 2030 1776 conformata
2043 1743 2228 1784 prioribus,
2243 1743 2326 1775 dum
2340 1742 2377 1775 in

770 1809 933 1839 personas
950 1801 1137 1831 ecclesiast.
1157 1802 1189 1831 et
1205 1800 1291 1830 alias
1309 1800 1349 1830 de
1367 1808 1453 1830 novo
1471 1799 1512 1829 ad
1527 1798 1629 1829 fidem
1649 1806 1831 1829 conversas
1847 1798 1897 1828 sic
1919 1797 2028 1829 fuisse
2044 1797 2169 1829 dicitur
2185 1797 2377 1829 inhumani·

769 1857 820 1885 ter
843 1854 1042 1889 desevitum,
1072 1854 1161 1893 quod
1190 1853 1344 1892 plerique
1367 1853 1519 1883 volentes
1542 1853 1583 1882 ad
1613 1852 1714 1883 fidem
1737 1851 1888 1883 converti
1915 1860 1953 1883 se
1977 1860 1998 1882 a
2020 1850 2241 1882 conversione
2260 1849 2378 1890 hujus-

769 1908 861 1939 modi
880 1910 1106 1939 retraxerunt.
1121 1925 1160 1930 —
1178 1907 1268 1938 Eccl.
1289 1915 1423 1946 quoque
1437 1906 1559 1945 Rigen.
1576 1905 1672 1936 illius
1685 1907 1783 1936 terrae
1796 1905 1996 1944 metropolis
2012 1905 2046 1936 et
2061 1903 2283 1944 quamplures
2299 1902 2375 1936 aliae

769 1961 848 1992 eccl.
869 1962 903 1992 in
921 1961 1063 1992 Livonia
1083 1964 1115 1992 et
1134 1961 1276 1991 Prussia
1292 1960 1497 1996 constitutae,
1515 1960 1636 1999 Rigen.
1657 1959 1851 1998 provinciae,
1872 1959 2010 1998 propter
2028 1957 2254 1989 contumelias
2269 1957 2377 1997 pluri·
2426 1964 2428 1966 ’

769 2024 842 2046 mas
858 2024 974 2046 earum
997 2015 1110 2046 illatas
1133 2014 1340 2053 pastoribus,
1360 2015 1396 2045 in
1414 2014 1487 2044 suis
1503 2013 1602 2044 bonis
1622 2013 1692 2044 fere
1710 2012 1868 2043 dicuntur
1890 2011 2041 2043 totaliter
2061 2011 2251 2048 denudatae,
2269 2019 2308 2042 ac
2326 2010 2376 2042 in-

769 2069 850 2099 colae
858 2069 1026 2099 dictarum
1038 2069 1289 2107 provinciarum
1304 2068 1345 2098 ab
1354 2066 1571 2098 observantia
1580 2066 1658 2097 fidei
1670 2067 1749 2097 sunt
1762 2065 1887 2096 redditi
1898 2065 2013 2096 alieni.
2027 2082 2067 2087 —
2078 2064 2239 2096 Clemens
2251 2063 2321 2096 ΡΡ.
2331 2062 2374 2102 V,

769 2124 846 2162 post
862 2122 1075 2153 Bonifacium
1094 2122 1158 2152 ΡΡ.
1178 2122 1267 2158 Vssl,
1287 2121 1366 2152 licet
1381 2121 1422 2152 ad
1438 2120 1618 2160 praemissa
1635 2120 1749 2150 studia
1766 2128 1828 2150 sua
1843 2120 2039 2150 convertere
2057 2118 2255 2158 incepisset,
2266 2118 2375 2150 morte

768 2177 961 2215 praeventus
980 2176 1169 2206 remedium
1187 2175 1347 2205 adhibere
1366 2170 1529 2214 nequivit.
1556 2173 1622 2204 ΡΡ.
1647 2173 1752 2213 igitur
1770 2173 1805 2204 ut
1824 2181 1928 2212 super
1948 2171 2190 2204 reformatione
2205 2171 2374 2203 dictarum

768 2231 949 2266 terrarum,
967 2229 1047 2260 eccl.
1073 2237 1206 2268 quoque
1225 2231 1257 2259 et
1277 2236 1500 2268 personarum
1522 2226 1723 2263 ecclesiast.,
1749 2235 1887 2266 operam
1904 2225 2100 2265 impendere
2116 2225 2238 2265 possit,
2255 2230 2375 2256 omnes
2407 2228 2410 2229 ’

769 2283 983 2322 supradictos
1007 2282 1088 2313 citat
1106 2284 1142 2312 ut
1166 2282 1254 2312 infra
1276 2291 1308 2312 v1
1331 2290 1467 2312 menses
1492 2282 1600 2320 apost.
1623 2279 1818 2319 conspectui
1842 2288 1879 2310 se
1896 2280 2103 2319 praesentent
2121 2278 2162 2310 de
2183 2277 2375 2318 praemissis

769 2336 939 2371 instructi,
966 2337 998 2366 et
1015 2336 1081 2366 ΡΡ.
1100 2335 1318 2366 informatur-i
1338 2344 1398 2375 per
1415 2343 1500 2374 quas
1518 2335 1590 2364 vias
1610 2336 1641 2365 et
1663 2334 1782 2364 modos
1806 2333 1974 2373 praedictae
1994 2331 2151 2372 regiones
2165 2333 2199 2363 et
2217 2332 2317 2363 terrae
2332 2330 2376 2363 ad

769 2390 869 2420 fidem
890 2389 1039 2420 converti
1058 2389 1271 2424 catholicam,
1289 2391 1322 2420 et
1337 2389 1371 2419 in
1388 2397 1427 2419 ea
1443 2388 1572 2425 servari
1586 2383 1711 2418 melius
1729 2387 1875 2421 valeant,
1890 2387 1923 2417 et
1937 2385 2108 2417 efficacius
2122 2384 2275 2421 retineri,
2295 2393 2375 2424 par-
2397 2379 2399 2381 ¹

768 2447 887 2483 tesque
900 2443 1020 2483 positae
1038 2443 1073 2473 in
1089 2442 1200 2473 vicino
1215 2451 1289 2481 quae
1305 2442 1413 2473 adhuc
1426 2450 1487 2481 per
1502 2450 1656 2472 errorum
1670 2440 1770 2471 devia
1784 2439 1986 2480 gradiuntur
2001 2439 2044 2470 ad
2060 2431 2170 2479 ipsius
2186 2437 2376 2470 conversio-

769 2506 845 2528 nem
864 2497 941 2527 fidei
960 2496 1164 2536 propensius
1189 2496 1393 2529 animentur,
1417 2497 1450 2526 et
1472 2496 1506 2527 S.
1529 2495 1570 2525 A.
1589 2494 1631 2525 ad
1649 2494 1717 2525 alia
1738 2493 1842 2525 etiam
1860 2492 2042 2533 procedere
2066 2491 2177 2523 valeat
2192 2499 2267 2531 quae
2283 2491 2375 2523 circa

768 2551 830 2582 hoc
843 2551 944 2581 utilia
960 2549 1032 2581 fore
1053 2549 1248 2589 cognoverit
1266 2550 1298 2579 et
1318 2549 1442 2580 viderit
1459 2549 1649 2588 opportuna
1656 2557 1665 2585 ;
1681 2546 1831 2578 audituri
1849 2546 1952 2578 etiam
1971 2547 2004 2577 et
2026 2545 2149 2576 facturi
2173 2553 2278 2584 super
2291 2553 2376 2584 prae-
2438 2542 2440 2544 ’

769 2605 887 2635 11113313
912 2612 986 2644 quae
1003 2604 1070 2635 ΡΡ.
1092 2603 1178 2642 ipsis
1194 2603 1330 2633 duxerit
1346 2602 1563 2642 injungenda.
1585 2618 1626 2624 —
1645 2602 1814 2633 Caeterum
1829 2608 1907 2631 cum
1927 2599 1971 2630 ad
1987 2598 2095 2639 ejusd.
2119 2598 2217 2629 Sedis
2233 2597 2375 2630 audien-

767 2659 852 2690 tiam
869 2657 1061 2697 pervenerit
1079 2657 1168 2696 quod
1187 2665 1305 2686 omnes
1322 2656 1474 2695 praedicti
1492 2656 1534 2686 ad
1550 2655 1638 2686 bona
1663 2656 1695 2686 et
1711 2648 1790 2694 jura
1810 2653 1892 2685 eccl.
1913 2653 2033 2692 Rigen.
2051 2661 2174 2683 manus
2191 2651 2375 2684 extenden-

767 2713 832 2748 tes,
859 2712 994 2751 portum
1010 2710 1130 2750 Rigen.
1155 2710 1189 2740 in
1207 2718 1273 2749 quo
1296 2709 1488 2748 archiep.us
1513 2709 1634 2748 Rigen.
1655 2708 1712 2748 jus
1736 2706 1866 2739 obtinet
1882 2707 2092 2747 patronatus,
2118 2713 2196 2736 cum
2216 2706 2328 2736 castro
2340 2705 2375 2738 et

768 2765 914 2795 monast.
936 2763 1163 2795 Dunamunde
1183 2763 1225 2793 ad
1248 2771 1402 2793 mensam
1427 2762 1626 2801 archiepisc.
1652 2761 1773 2801 Rigen.
1801 2759 2046 2800 spectantibus,
2071 2758 2206 2797 aliaque
2228 2757 2318 2789 bona
2331 2756 2375 2789 ad

768 2818 892 2849 dictam
907 2825 1062 2848 mensam
1079 2817 1111 2848 et
1127 2816 1228 2855 capit.
1247 2816 1367 2855 Rigen.
1393 2816 1516 2855 pertin.
1540 2814 1789 2854 occupaverint,
1814 2813 1882 2845 ΡΡ.
1909 2812 2047 2844 mandat
2066 2812 2117 2843 eis
2135 2813 2175 2842 ut>
2190 2811 2306 2843 omnia
2322 2818 2374 2843 ar-

769 2871 900 2910 chiep.o
916 2872 949 2902 et
970 2871 1071 2910 capit.
1090 2870 1259 2910 praedictis
1274 2869 1468 2906 restituant,
1488 2878 1548 2900 nec
1569 2869 1619 2900 eis
1644 2868 1678 2899 in
1704 2869 1878 2908 posterum
1903 2865 2080 2897 molestias
2102 2865 2229 2896 inferre
2247 2873 2374 2905 praesn-

769 2926 874 2956 mant.
895 2923 944 2964 (A.
963 2926 994 2962 8,
1013 2924 1036 2955 f.
1056 2926 1115 2956 344
1134 2923 1163 2960 ¹³3
1188 2923 1220 2954 V.
1235 2925 1285 2961 67,
1303 2931 1355 2962 ep.
1376 2924 1451 2960 5053
1472 2923 1630 2957 Theiner‚
1647 2922 1842 2953 Monumenla
1859 2918 2007 2955 Poloniae,
2023 2919 2051 2956 I,
2066 2927 2098 2958 p.
2117 2918 2203 2959 133.)
