2592 3562
419 314 479 346 268

457 403 560 431 Datum
577 398 759 432 Avenione.

436 718 455 747 8
475 718 518 754 (vl
540 717 594 753 id.)
607 726 674 753 aua.
691 716 780 745 1318.

571 824 639 852 Uts

569 1196 604 1223 Ut
625 1204 649 1222 s.

568 1302 605 1329 Ut
620 1310 644 1329 s.

569 1569 606 1597 Ut
622 1577 646 1596 s.

567 1679 604 1706 Ut
621 1687 644 1706 s.

568 1837 605 1865 Ut
620 1846 644 1865 s.

591 1998 644 2023 ts.

566 2101 602 2129 Ut
621 2110 644 2129 s.

565 2207 602 2235 Ut
618 2217 641 2236 s.

567 2315 601 2343 Ut
615 2324 638 2343 s.

558 2475 595 2503 Ut
619 2483 642 2504 s.

562 2582 597 2610 Ut
613 2591 637 2610 s.

560 2689 595 2717 Ut
615 2697 640 2718 s.

558 2901 593 2929 Ut
612 2911 635 2929 s.

783 4 785 6 ·
804 0 837 13 ·”’
842 0 852 23 ἶ
858 0 917 15 ’“”“““
925 0 975 16 τω·
985 0 1043 19 ⁷2²²?
1048 0 1138 18 rvr-*¹³³*
1143 0 1233 19 :mn-pa.-
1239 0 1271 17 ’τ’-τ
1276 0 1292 18 r
1323 0 1336 22 ὃς
1343 0 1393 15 ‘w

830 313 1004 346 JOANNIS
1027 314 1146 346 PAPAE
1168 314 1270 345 xxu.
1294 317 1544 356 (mm-1384).
1565 334 1603 340 —
1626 315 1813 347 LITTERAE
1835 315 1888 346 DE
1909 314 2034 346 cunm

846 506 935 543 cilia,
955 505 1130 542 Sardiniae‚
1149 506 1293 538 Corsicae
1317 508 1352 538 et
1371 506 1464 539 Croti
1487 506 1625 543 insulis,
1643 506 1818 547 provincia
1833 505 1991 544 Achayae,
2009 503 2134 535 ducatu
2152 502 2363 535 Athenarum
2379 501 2446 534 col·

845 559 1009 591 lectarum
1033 562 1103 590 tum
1127 567 1188 598 pro
1212 557 1367 592 subsidio
1391 559 1505 592 Terrae
1531 560 1674 597 Sanctae,
1694 567 1798 599 quam
1820 566 1881 598 pro
1899 557 1981 589 eccl.
2000 556 2101 588 Rom.
2118 554 2393 593 necessitatibus.
2411 556 2446 588 et

845 611 924 643 ali1s
941 612 1088 643 diversis
1109 611 1257 652 negotiis
1279 611 1530 653 impositarum‚
1549 615 1582 644 et
1604 612 1783 652 pecuniam
1810 610 1987 642 collectum
2012 608 2135 641 solvat.
2157 608 2212 650 (A.
2228 609 2278 645 10,
2294 608 2318 640 f.
2331 609 2392 641 498
2409 612 2444 647 ·;

851 664 886 696 V.
901 666 951 699 67,
970 673 1023 704 ep.
1042 666 1099 697 136
1114 663 1150 695 de
1164 664 1249 703 car.)

890 714 1001 747 8308.
1018 734 1056 740 -
1079 717 1248 759 Archiep.o
1273 717 1491 751 panormitan.
1517 718 1630 750 mand.
1656 719 1694 749 ut
1717 717 1878 757 praedicta
1905 716 2065 755 computa
2088 715 2122 747 et
2143 714 2323 756 pecuniam
2341 713 2408 746 sibi
2424 722 2446 746 a

845 770 1099 811 Montisregalis
1117 770 1288 811 archiep-o
1303 771 1406 804 faciat
1418 771 1585 804 exhiberi.
1601 771 1654 810 (Α.
1674 771 1721 807 10.
1738 769 1761 802 f.
1778 770 1839 802 498
1853 774 1887 804 ·;
1910 768 1946 800 V.
1962 770 2016 806 67,
2032 777 2085 809 ep.
2101 769 2159 801 137
2173 767 2212 799 de
2228 769 2310 807 cur.)

889 820 1000 852 8309.
1018 841 1056 846 -
1071 823 1153 864 May.
1168 823 1329 855 Guitlelmo
1342 825 1380 856 de
1395 825 1524 856 Balaeto
1537 830 1565 855 et
1577 823 1695 854 Jocmm·
1709 822 1837 864 Roqerii
1854 821 2009 863 Urqellen.
2030 821 2103 852 cccl.
2119 820 2261 852 art-hida
2280 820 2394 853 mand.
2410 821 2446 854 ut

845 876 1055 916 archiep.um
1079 876 1349 918 Montisregalis,
1377 879 1436 919 qui
1460 879 1520 910 200
1542 878 1720 909 dumtaxat
1745 876 1863 907 uncias
1886 875 2022 907 solvere
2049 874 2203 907 voluerat
2215 883 2278 915 pro
2301 873 2444 912 decima,

845 938 947 969 quam
960 930 1116 961 nonnulli
1132 930 1173 962 de
1186 931 1337 971 praelatis
1352 931 1448 972 regni
1467 931 1591 963 Siciliae
1608 933 1676 962 tam
1694 930 1780 960 citra
1794 937 1897 969 quam
1916 928 2007 960 ultra
2023 927 2135 960 farum
2159 936 2221 968 pro
2243 927 2325 959 eccl.
2344 927 2445 960 Rom.

844 983 1107 1014 necessitatibus
1122 983 1255 1016 solvere
1273 985 1513 1024 promiserant,
1527 983 1685 1024 quamvis
1699 982 1853 1014 redditus
1868 981 1911 1013 ad
1924 990 2078 1013 mensam
2091 981 2166 1022 ejus
2178 982 2372 1022 spectantes
2384 980 2446 1013 ⁴⁰⁰

845 1036 1023 1067 unciarum
1041 1036 1117 1067 auri
1141 1036 1291 1068 valorem
1312 1046 1462 1069 annuum
1489 1036 1677 1073 excederet,
1695 1035 1738 1066 ad
1762 1035 1930 1076 integram
1956 1034 2162 1067 solutionem
2177 1033 2394 1075 compellant,
2411 1033 2447 1066 et

844 1089 1081 1127 nihilominus,
1102 1090 1133 1121 si
1152 1090 1354 1130 expedierit,
1370 1099 1448 1122 eum
1473 1091 1575 1122 citent
1590 1091 1628 1120 ut
1643 1088 1733 1120 infra
1748 1098 1785 1119 ιιι
1802 1097 1938 1120 menses
1953 1097 1990 1120 se
2016 1089 2126 1128 apost.
2147 1086 2345 1128 conspectui
2360 1094 2447 1128 prse-

846 1144 966 1174 sentet.
984 1142 1038 1183 (A.
1059 1144 1109 1180 10,
1127 1143 1150 1175 f.
1166 1145 1226 1175 471
1243 1149 1277 1182 ⁸3
1297 1143 1330 1176 V.
1347 1146 1398 1182 67,
1414 1152 1466 1184 ep.
1486 1144 1543 1175 138
1558 1142 1596 1174 de
1611 1141 1691 1182 cur.)

889 1193 1001 1225 8310.
1016 1213 1056 1219 -
1070 1195 1163 1227 Eisd-
1190 1196 1290 1229 datur
1306 1197 1398 1229 idem
1421 1197 1533 1228 mand.
1559 1198 1677 1227 contra
1700 1194 1909 1236 archiep-um
1938 1194 2134 1226 Amalfitan.
2159 1194 2212 1234 (A.
2232 1195 2282 1232 10,
2298 1193 2322 1225 f.
2337 1193 2395 1225 4¹11
2410 1197 2446 1232 ⁸3

850 1249 887 1281 V.
901 1251 952 1286 67,
970 1258 1022 1289 ep.
1041 1251 1100 1282 139
1114 1249 1151 1281 de
1169 1250 1251 1289 cur.)

890 1299 1000 1332 8311.
1018 1320 1058 1325 —
1072 1303 1099 1335 Ι.
1117 1313 1145 1335 e.
1164 1312 1208 1335 m.
1227 1303 1301 1334 eisd.
1319 1305 1436 1335 contra
1461 1302 1670 1342 arehiep.um
1696 1301 1953 1342 Montisregalis
1977 1301 2038 1342 qui
2063 1301 2196 1333 solvere
2213 1299 2350 1332 nolebat
2370 1307 2448 1332 cen-

846 1365 921 1387 sum
940 1365 1090 1388 annuum
1106 1367 1123 1387 c
1140 1358 1337 1388 tarenorum
1354 1357 1428 1388 auri
1443 1357 1477 1387 in
1495 1364 1562 1396 quo
1575 1355 1754 1387 tenebatur
1769 1355 1849 1387 eccl.
1865 1354 2131 1395 Montisregalis,
2149 1362 2225 1395 quae
2234 1353 2363 1386 dudum
2376 1361 2449 1385 mo-

845 1413 932 1441 nast.
949 1410 983 1442 S.
1001 1411 1046 1441 M.
1059 1410 1159 1450 Juxta
1174 1411 1382 1442 Panorinum
1398 1409 1581 1441 vocabatur
1598 1409 1690 1448 quod
1711 1409 1752 1440 cl.
1769 1417 1871 1440 mem.
1889 1408 2096 1441 Guillelmus
2112 1407 2156 1447 11,
2170 1416 2232 1440 rex
2246 1406 2384 1443 Siciliae,
2403 1405 2448 1438 ad

846 1472 947 1503 quem
963 1466 1107 1495 monast.
1126 1464 1239 1503 ipsum
1258 1463 1442 1503 spectabat,
1460 1464 1500 1495 R.
1517 1463 1556 1494 E.
1576 1463 1611 1493 in
1625 1463 1698 1494 eod.
1714 1471 1819 1494 censu
1836 1463 2071 1499 constituerat,
2086 1462 2187 1502 prout
2203 1461 2240 1492 in
2261 1459 2350 1493 libro
2368 1467 2448 1493 cen-

847 1517 936 1548 suali
951 1517 1057 1557 ejusd.
1075 1517 1156 1548 eccl.
1173 1518 1272 1549 Rom.
1290 1517 1426 1557 plenius
1441 1516 1644 1547 continetur.
1665 1515 1716 1553 (A.
1733 1517 1782 1553 10,
1799 1516 1822 1547 ἰ.
1840 1517 1899 1547 471
1914 1515 1948 1552 '³3
1969 1515 2006 1547 V.
2020 1517 2072 1554 67,
2090 1523 2142 1555 ep.
2161 1515 2220 1546 140
2235 1513 2272 1545 de
2286 1513 2367 1554 cur.)

891 1567 1002 1599 8312.
1020 1588 1058 1592 -
1089 1570 1289 1610 Archz'epum
1322 1568 1552 1610 Montisreyale's
1580 1569 1735 1600 hortatur
1763 1569 1832 1600 PP.
1853 1570 1889 1600 ut
1911 1568 2123 1600 moxdictum
2153 1575 2293 1599 censum
2323 1566 2447 1599 solvat.

848 1623 900 1662 (A.
919 1625 968 1660 10,
983 1624 1007 1654 f.
1023 1625 1083 1654 472
1098 1629 1129 1659 ³3
1154 1623 1187 1652 V.
1206 1625 1257 1659 67,
1277 1632 1329 1663 ep.
1349 1625 1403 1654 141
1422 1623 1459 1653 de
1477 1625 1556 1660 cur.)

891 1674 1001 1706 8313.
1025 1695 1060 1700 -
1076 1677 1188 1708 Mand.
1205 1676 1335 1713 Αιηείίο,
1353 1676 1499 1707 Marchiae
1521 1677 1729 1713 Armenicum,
1752 1680 1782 1706 et
1799 1674 1961 1707 Guitlelmo
1977 1674 2086 1712 Costae,
2102 1674 2288 1716 patrimonii
2302 1673 2341 1705 B.
2358 1673 2447 1705 Pam

846 1732 878 1761 in
896 1730 1015 1765 Tuscia,
1034 1740 1068 1760 ac
1083 1729 1243 1771 Baynaldo
1261 1730 1296 1760 de
1322 1740 1347 1761 s.
1363 1730 1538 1767 Archemia,
1567 1729 1695 1760 ducatus
1711 1729 1874 1770 Spole-tan.
1904 1728 2083 1766 rectoribus,
2106 1730 2142 1759 ut
2162 1729 2280 1759 contra
2301 1725 2447 1759 rebelles

847 1786 878 1816 et
893 1784 1127 1815 inobedientes
1145 1784 1233 1814 vires
1252 1792 1333 1814 suas
1360 1784 1394 1814 iu
1422 1793 1528 1814 unum
1550 1783 1723 1824 colligant.
1748 1783 1800 1823 (Α.
1822 1783 1870 1820 10,
1889 1783 1910 1813 f.
1927 1785 1988 1814 474
2005 1788 2038 1819 ⁸3
2060 1781 2094 1812 V.
2107 1783 2160 1818 67,
2174 1789 2227 1822 ep.
2245 1781 2304 1813 ¹50
2316 1780 2352 1812 de
2365 1782 2445 1820 cur.)

889 1834 999 1866 8314.
1017 1856 1054 1860 --
1072 1837 1227 1868 Universis
1237 1837 1323 1877 ep.iS‚
1337 1836 1451 1875 electis,
1462 1836 1530 1867 abb.
1545 1842 1601 1868 etc,
1616 1847 1673 1878 per
1689 1836 1892 1877 Campaniam
1904 1841 1932 1867 et
1947 1835 2137 1867 Maritimam
2147 1834 2322 1866 constitutis
2329 1833 2444 1866 mand.

846 1892 882 1922 ut
899 1899 985 1930 mag.
1003 1891 1189 1922 Guillelmo
1214 1891 1254 1921 de
1279 1890 1429 1927 Balaeto,
1446 1890 1573 1922 archid.
1589 1890 1813 1931 Forojulien.,
1838 1890 1905 1921 PP.
1933 1899 2020 1930 cap„
2043 1888 2237 1929 Gampaniae
2252 1887 2448 1920 Maritimae-

845 1953 910 1984 que
932 1944 1067 1981 rectori,
1086 1946 1237 1983 pareant.
1256 1945 1307 1982 (A.
1329 1945 1376 1981 10,
1394 1944 1416 1975 f.
1434 1945 1494 1975 475
1510 1949 1543 1981 ἃ,
1568 1943 1604 1975 V.
1619 1945 1671 1981 67,
1690 1953 1741 1983 ep.
1761 1945 1816 1975 151
1834 1943 1871 1974 de
1886 1943 1968 1982 cur.)

890 1994 999 2026 8315.
1019 2015 1055 2020 -
1074 1997 1185 2028 Mand.
1202 1997 1292 2028 idem
1310 1997 1460 2027 nobilibus
1478 1997 1551 2027 viris
1569 1996 1740 2035 comitibus,
1756 1996 1919 2027 baronibus
1937 2000 1995 2027 etc.
2007 2006 2064 2036 per
2081 1995 2285 2036 Campaniam
2305 1997 2336 2025 ct
2350 1991 2448 2024 Hari-

845 2051 948 2080 limam
965 2051 1145 2080 constitutis.
1164 2050 1217 2090 (A.
1241 2051 1287 2087 10,
1306 2051 1328 2081 f.
1345 2052 1405 2082 475
1424 2050 1455 2088 ¹’;
1479 2050 1515 2082 V.
1531 2052 1582 2087 67,
1599 2059 1650 2090 ep.
1669 2051 1728 2082 152
1743 2051 1778 2080 de
1794 2049 1874 2088 cur.)

889 2101 1000 2132 8316.
1018 2122 1054 2126 -
1069 2103 1223 2134 Praedicco
1251 2105 1365 2134 rectori
1383 2104 1609 2135 committitur
1631 2104 1784 2144 regimen
1805 2103 1909 2135 castri
1931 2103 2081 2140 Lariani,
2102 2101 2304 2134 Praenestin.
2323 2100 2383 2138 di.,
2402 2099 2447 2132 ad

843 2157 910 2188 PP.
924 2159 957 2188 et
973 2158 1014 2188 R.
1031 2158 1070 2188 E.
1089 2161 1192 2196 spect.
1211 2158 1263 2195 (A.
1286 2159 1333 2195 10,
1352 2158 1374 2188 f.
1393 2159 1454 2190 475
1470 2157 1506 2194 ¹³3
1530 2157 1563 2188 V.
1577 2159 1627 2194 67,
1646 2166 1699 2197 ep.
1718 2159 1776 2189 153
1790 2156 1826 2188 de
1841 2157 1922 2195 car.)

887 2207 998 2239 8317.
1018 2228 1055 2232 -
1072 2210 1227 2241 Universis
1246 2211 1418 2241 hominibus
1433 2211 1509 2241 dicti
1525 2211 1620 2241 castri
1640 2211 1754 2242 mand.
1769 2211 1806 2242 ut
1819 2209 1980 2250 praedicto
2002 2209 2126 2240 rectori
2149 2208 2302 2248 pareant.
2321 2206 2375 2248 (A.
2393 2207 2443 2246 10,

832 2263 867 2294 f.
882 2265 942 2295 475
959 2263 990 2299 bJ
1015 2263 1051 2294 V.
1067 2266 1118 2300 67,
1136 2273 1187 2303 ep.
1209 2265 1267 2296 154
1281 2265 1317 2294 de
1333 2264 1415 2305 cur.)

886 2314 996 2345 8318.
1017 2334 1055 2339 --
1070 2316 1148 2346 Eid.
1166 2318 1279 2348 rectori
1303 2327 1395 2349 conc.
1423 2320 1576 2358 potestas
1595 2317 1757 2357 puniendi
1773 2317 1915 2348 clericos
1933 2319 1967 2347 et
1981 2316 2066 2347 alias
2087 2323 2253 2355 personas
2268 2313 2445 2345 ecclesias-

842 2371 927 2401 ticas
951 2370 1117 2401 dictarum
1143 2371 1407 2409 provinciarum,
1427 2380 1504 2402 cum
1525 2370 1657 2411 praelati
1678 2372 1831 2410 ipsorum
1849 2378 2012 2401 excessus
2032 2369 2227 2409 frequenter
2249 2366 2444 2414 relinquant

842 2423 1040 2463 impunitos.
1058 2423 1111 2463 (A.
1131 2425 1180 2460 10,
1197 2424 1218 2454 f.
1237 2426 1297 2456 476
1313 2430 1345 2462 ³3
1368 2425 1404 2456 V.
1421 2427 1473 2460 67,
1490 2433 1542 2464 ep.
1558 2426 1616 2456 155
1630 2423 1667 2454 de
1684 2423 1766 2460 cur.)

886 2474 997 2506 8319.
1013 2494 1052 2499 -
1066 2476 1142 2507 Eid.
1157 2478 1269 2507 rectori
1281 2478 1506 2509 committitur
1521 2479 1672 2518 regimen
1685 2478 1789 2509 castri
1804 2477 1921 2512 Riciae‚
1938 2476 2104 2507 Albanen.
2117 2475 2163 2507 di.
2173 2474 2227 2515 (Α.
2237 2475 2287 2512 10,
2298 2473 2323 2506 f.
2335 2474 2396 2506 470
2408 2477 2442 2511 ⁸3

845 2529 880 2561 V.
898 2532 949 2568 67,
968 2539 1020 2570 ep.
1039 2531 1097 2562 156
1111 2530 1148 2560 de
1162 2531 1243 2571 cur.)

885 2580 996 2612 8320.
1012 2601 1051 2606 -
1074 2583 1230 2615 Universis
1254 2584 1426 2615 hominibus
1453 2584 1530 2616 dicti
1552 2585 1647 2616 castri
1666 2585 1778 2616 mand.
1796 2586 1832 2616 ut.
1847 2583 1987 2624 praefato
2003 2582 2126 2614 rectori
2148 2582 2301 2622 pareant.
2319 2580 2372 2620 (A.
2389 2580 2440 2618 10.

840 2637 865 2668 f.
881 2639 942 2669 476
955 2642 991 2675 ²3
1010 2636 1046 2668 V.
1062 2639 1113 2674 67,
1132 2646 1186 2677 ep.
1205 2639 1262 2669 157
1276 2637 1313 2669 de
1330 2638 1410 2678 cur.)

884 2687 995 2720 8321.
1016 2708 1054 2713 -
1070 2689 1222 2721 Praedicto
1236 2692 1350 2722 rectori
1366 2692 1479 2723 mand.
1497 2693 1534 2723 ut
1551 2693 1717 2723 Joannem
1734 2690 1915 2723 Amatonis
1931 2690 1973 2722 de
1998 2689 2163 2727 Fumone,
2182 2688 2263 2720 cler.
2289 2685 2440 2720 Alatrin.

839 2743 900 2780 di„
923 2746 955 2775 et
972 2743 1059 2775 alios
1077 2743 1253 2781 officiales,
1275 2745 1378 2776 etiam
1404 2754 1465 2785 per
1490 2747 1678 2785 captionem
1695 2745 1850 2784 ipsorum
1866 2742 2048 2782 compellat
2063 2741 2106 2773 ad
2126 2740 2337 2773 reddendum
2353 2747 2443 2772 com·

838 2799 959 2836 putum
976 2797 1017 2828 de
1040 2797 1307 2835 extorsionibus,
1334 2807 1420 2837 quas
1439 2798 1588 2830 fecerant
1612 2799 1647 2829 in
1673 2798 1773 2830 dIctis
1794 2796 1995 2837 provinciis,
2018 2796 2055 2826 in
2080 2794 2206 2835 quihus
2227 2793 2442 2842 'mendacitor

838 2850 1036 2882 asserebant
1050 2850 1186 2890 plenam
1198 2851 1474 2890 jurisdictionem
1491 2851 1626 2883 habere.
1643 2851 1697 2890 (A.
1716 2852 1766 2889 10,
1785 2850 1808 2882 f.
1822 2851 1883 2882 476
1897 2849 1930 2886 ὓς
1953 2849 1991 2880 V.
2009 2851 2061 2886 67,
2084 2857 2138 2888 ep.
2158 2849 2217 2880 158
2237 2846 2274 2878 de
2287 2847 2368 2886 cur.)

882 2900 991 2932 8322.
1011 2922 1050 2927 -
1069 2904 1302 2935 committitur
1325 2906 1470 2936 rectoria
1488 2906 1579 2937 civit.
1602 2906 1830 2937 Beneventau.
1853 2906 1887 2934 et
1910 2903 1985 2942 eius
2007 2901 2195 2939 districtus,
2217 2900 2281 2932 sub
2299 2898 2443 2940 speciali

836 2957 987 2988 dominio
1005 2957 1085 2988 eccl.
1110 2958 1208 2988 Rom.
1229 2957 1463 2994 existentium,
1489 2959 1648 2998 praedicto
1670 2956 1834 2989 Guillelmo
1851 2957 1887 2987 de
1913 2955 2051 2994 Balaeto‚
2079 2953 2321 2986 commissione
2336 2959 2442 2992 super
