2592 3562
224 445 327 472 Datum
345 438 529 473 Avenione.

193 652 230 680 12
250 653 284 685 (11
298 629 358 686 h.)
381 659 447 686 any.
471 650 559 678 1318.

313 696 344 724 Τ.
365 695 435 722 XVI.

331 863 366 891 Ut
392 872 415 890 s.

313 909 344 935 T.
366 908 436 935 xvi.

335 971 371 998 Ut
387 979 411 998 s.

233 1039 240 1044 .
285 1015 316 1042 T.
332 1015 378 1047 xl,
394 1015 467 1046 xm.

223 1290 261 1317 13
273 1289 337 1324 (id.)
354 1297 421 1324 any.
441 1288 527 1316 1318.

335 1715 372 1742 Ut
391 1723 415 1742 s.

262 1760 292 1787 τ.
308 1759 378 1793 xw,
394 1759 490 1786 xvnl.

341 2193 375 2221 Ut
390 2201 414 2220 s.

339 2566 373 2594 Ut
393 2575 416 2593 s.

323 2611 352 2637 T.
374 2610 430 2637 XX.

339 2937 368 2964 Ui
398 2945 422 2963 s.

303 2982 336 3008 Τ.
358 2981 456 3009 1V¹¹¹V.

590 354 763 386 JOANNIS
788 354 905 384 PAPAE
927 354 1031 385 XXII.
1054 355 1300 394 (1316-1334).
1324 371 1364 377 —
1386 354 1570 384 LITTERAE
1594 355 1817 386 COMMUNES
2157 363 2214 394 241

618 544 660 575 ad
682 544 955 583 prosecutionem
970 543 1097 583 negotii
1115 543 1193 574 fidei
1209 543 1244 574 in
1265 543 1427 574 fronteria
1448 544 1543 583 regni
1558 544 1714 576 Granatae
1729 547 1762 575 et
1778 545 1872 583 alibi,
1893 546 1982 578 intra
1999 551 2217 588 conquestam

616 597 786 631 Castellae,
809 597 842 627 et
855 596 894 627 -in
908 598 1073 636 quantum
1087 596 1148 627 ina
1162 596 1388 635 protenditur,
1402 598 1592 627 teneantur.
1611 597 1663 635 (A.
1680 599 1712 634 9,
1729 598 1750 627 s.
1765 600 1826 629 464
1844 598 1873 636 ¹>;
1897 599 1930 630 V.
1943 601 1994 637 68,
2009 609 2062 640 ep.
2075 603 2177 641 1688.)

661 647 771 679 8021.
794 667 832 672 —
847 649 888 680 Ν.
904 659 934 680 υ.
949 649 1078 686 loanni,
1092 653 1164 679 nalo
1182 659 1213 679 n.
1231 659 1260 679 v.
1274 649 1414 683 Ioannis,
1430 648 1469 680 cl.
1486 659 1543 680 me.
1562 649 1728 690 ΑΙρΙιοηεὶ,
1749 652 1829 691 reqis
1846 651 1997 690 castellae,
2016 653 2087 692 filii,
2108 655 2217 686 decla-

617 704 711 734 ratur
726 703 815 743 quod
833 702 1027 743 prosecutio
1047 702 1173 742 negotii
1187 703 1303 733 contra
1317 702 1395 734 fidei
1410 702 1526 734 hostes
1544 703 1633 734 ultra
1647 704 1701 735 vel
1717 706 1813 735 extra
1828 707 2048 745 conquestam
2062 707 2217 740 Castellae

617 756 754 787 extendi
769 764 835 787 non
852 755 984 793 debeat,
1007 756 1066 787 sed
1090 756 1180 787 intra
1205 756 1259 786 vel
1281 764 1390 795 usque
1417 756 1460 787 ad
1484 756 1581 787 illam
1604 756 1724 788 debeat
1744 757 1910 790 inclusive
1927 759 2099 799 restringi.
2117 761 2171 801 (A.
2185 763 2216 799 9,

617 809 639 841 f.
654 810 714 841 465
727 814 762 845 ³;
789 809 821 839 V.
838 810 890 847 68,
911 818 964 849 ep.
983 809 1088 848 1689.)

661 859 771 891 8022.
791 881 829 884 —
843 862 893 894 Id.
913 862 1104 893 declaratur
1119 872 1151 892 n.
1164 872 1193 893 υ.
1211 862 1338 899 Joanm',
1350 866 1423 892 nalo
1439 862 1475 894 cl.
1494 873 1534 894 m.
1544 862 1709 903 ΑίρΙιοηεί,
1722 864 1802 904 reqis
1815 864 1965 895 Castellae.
1977 865 2029 904 (A.
2041 867 2071 903 9,
2085 866 2106 896 f.
2118 868 2177 898 465
2187 866 2216 903 ι);

624 915 655 946 V.
671 917 723 950 68,
743 924 795 955 ep.
814 915 920 954 1690.)

661 966 773 997 8⁰23.
791 985 831 991 —
846 968 979 999 Andreae
1003 968 1166 998 Por-eherii
1190 977 1286 1008 prov.
1316 977 1439 1000 canon.-
1457 970 1537 1000 eccl.
1561 970 1777 1010 Andegaven.
1797 970 1861 1001 sub
1884 973 1980 1010 exsp.
2004 971 2106 1011 praeb.
2123 980 2132 1009 ;
2152 981 2219 1004 non

617 1021 703 1053 obst.
721 1022 811 1061 quod
837 1021 873 1052 in
889 1021 922 1053 b.
950 1021 1088 1052 Martini
1112 1021 1152 1052 de
1181 1021 1296 1053 Canda
1326 1030 1445 1053 canon.
1465 1024 1498 1053 et
1523 1022 1641 1062 praeb„
1663 1024 1695 1054 et
1723 1023 1757 1053 in
1775 1023 1816 1054 de
1833 1024 1968 1064 Benays
1994 1025 2217 1064 capellaniam

617 1083 645 1105 s.
669 1074 799 1113 Jacobi,
826 1075 992 1111 ecclesiis,
1021 1075 1190 1106 Turonen.
1217 1076 1250 1105 et
1265 1075 1481 1115 Andegaven.
1506 1076 1566 1114 di.,
1591 1075 1754 1113 obtineat,
1783 1085 1820 1107 ac
1843 1076 1953 1108 benef.
1980 1086 2009 1108 c.
2025 1086 2053 1108 c.
2072 1078 2126 1109 vel
2143 1087 2171 1108 s.
2189 1087 2216 1111 c.

617 1128 754 1159 etiamsi
769 1129 984 1167 personatus,
1001 1128 1184 1159 decanatus
1199 1128 1253 1159 vel
1269 1127 1477 1167 archipresb.
1500 1129 1638 1166 existat,
1657 1129 1697 1159 ad
1719 1129 1832 1160 collat.
1856 1130 1924 1169 ep.i
1939 1132 1972 1161 et
1987 1131 2087 1170 capit.
2107 1131 2219 1162 Ande-

617 1189 735 1220 gaven.
753 1181 877 1221 pertin.
894 1183 1079 1220 exspectet.
1095 1199 1133 1204 —
1148 1181 1175 1212 Ι.
1191 1189 1221 1212 e.
1238 1189 1284 1212 111.
1303 1181 1436 1212 Tullen.
1454 1183 1486 1213 et
1505 1182 1655 1213 Electen.
1674 1183 1772 1222 ep.is,
1789 1191 1828 1213 ac
1841 1183 1968 1214 archid.
1984 1184 2216 1224 Engolismen.

617 1234 671 1274 (A.
687 1236 737 1272 10,
761 1234 784 1264 f.
804 1235 862 1265 118
879 1239 910 1271 ³3
934 1233 971 1265 V.
985 1235 1035 1271 68,
1050 1243 1103 1274 ep.
1126 1233 1230 1273 1834.)

662 1284 774 1317 8024.
790 1306 827 1310 —
846 1286 1005 1317 Prioribus
1020 1297 1071 1317 seu
1087 1286 1185 1318 locum
1203 1287 1372 1318 tenentibus
1396 1288 1429 1318 in
1451 1288 1644 1328 prioratibus
1671 1288 1707 1319 de
1722 1289 1837 1320 Barolo
1858 1295 1886 1320 ec
1902 1289 1938 1320 de
1962 1289 2072 1331 Capua
2088 1301 2124 1321 ac
2138 1300 2218 1331 prae-

619 1341 765 1381 ceptor-iis
780 1351 805 1370 s.
829 1340 991 1371 Trinitatis
1004 1339 1040 1370 de
1063 1340 1192 1371 Venusia
1209 1346 1236 1371 et
1251 1351 1276 1370 s.
1293 1340 1445 1382 Stephani
1462 1341 1498 1371 de
1519 1342 1699 1382 Monopulo,
1715 1342 1876 1383 hospitalis
1891 1353 1916 1373 s.
1933 1343 2061 1374 Joannis
2072 1344 2218 1375 Jerosoli-

618 1394 738 1432 mitam,
754 1394 867 1425 mand.
884 1393 948 1424 sub
966 1402 1096 1425 excom.
1114 1396 1146 1425 et
1159 1394 1362 1433 privationis
1378 1395 1559 1426 sententiis
1574 1397 1612 1426 ut
1627 1396 1755 1427 vicario
1772 1398 1805 1427 et
1827 1405 1923 1427 conv.
1940 1397 2022 1428 dicti
2037 1397 2217 1437 hospitalis

618 1448 653 1478 in
676 1447 790 1478 insula
814 1447 902 1479 Rodi
927 1447 1168 1486 responsiones
1193 1448 1235 1478 ad
1265 1456 1351 1487 quas
1375 1448 1535 1479 tenentur
1559 1449 1689 1488 integre
1714 1449 1899 1489 assignent.
1926 1450 2085 1489 Sequitur
2102 1451 2216 1482 mand.

618 1501 789 1532 Arelaten.
807 1502 839 1532 et
856 1500 1072 1540 Neapolitan.
1091 1500 1285 1540 archiep.is,
1302 1509 1341 1532 ac
1356 1509 1432 1541 ep.0
1449 1501 1643 1539 Civitaten.,
1663 1503 1700 1533 ut
1720 1503 1809 1533 infra
1828 1511 1874 1533 xv
1889 1503 1963 1534 dies
1978 1504 2218 1543 responsiones

618 1554 797 1593 praedictas
814 1553 939 1584 faciant
954 1553 1124 1594 assignari
1141 1554 1278 1594 Hugoni
1294 1554 1335 1585 de
1350 1555 1462 1586 Rocca
1482 1557 1590 1592 acuta,
1608 1556 1907 1595 praeceptoriarum
1922 1556 2079 1588 Civitatis
2095 1559 2126 1588 et
2139 1557 2218 1588 Cre-

618 1607 761 1647 picordii
786 1607 984 1646 praeceptori
1002 1606 1185 1645 hospitalis
1203 1607 1324 1646 ejusd.‚
1349 1607 1407 1647 qui
1426 1616 1485 1638 eas
1503 1608 1546 1638 ad
1570 1609 1818 1639 transmarinas
1832 1611 1949 1650 partes
1974 1610 2076 1640 dictis
2093 1610 2217 1641 vicario

619 1662 652 1691 et
670 1669 764 1691 conv.
783 1660 939 1691 celeriter
955 1660 1113 1691 destinet.
1135 1659 1186 1698 (V.
1201 1662 1252 1697 68,
1267 1669 1320 1700 ep.
1338 1662 1416 1692 1527
1431 1662 1487 1698 A.)

663 1710 773 1742 8025.
793 1731 831 1735 —
848 1712 938 1743 Eisd.
959 1713 1072 1743 mand.
1096 1713 1160 1743 sub
1177 1721 1309 1744 excom.
1332 1715 1364 1744 et
1383 1714 1585 1753 privationis
1604 1723 1744 1746 suorum
1761 1716 1973 1754 prioratuum
1990 1716 2107 1755 paenis,
2127 1718 2216 1756 quod

619 1767 709 1798 infra
731 1776 776 1797 xv
793 1766 866 1797 dies
887 1759 1047 1805 prae'dicto
1063 1767 1199 1806 Hugoni
1213 1767 1253 1798 de
1264 1767 1376 1798 Rocca
1392 1769 1491 1798 acuta
1503 1769 1745 1807 responsiones
1761 1769 1801 1799 de
1817 1769 2023 1800 victualibus
2041 1770 2217 1810 assignare

619 1822 749 1856 curent,
766 1828 825 1859 per
842 1820 985 1850 eundem
1001 1820 1178 1859 Hugonem
1197 1820 1239 1850 ad
1261 1821 1509 1851 transmarinas
1523 1823 1650 1860 partes,
1666 1821 1792 1852 vicario
1815 1823 1847 1852 et
1861 1831 1957 1853 conv.
1975 1831 2036 1854 seu
2054 1823 2218 1854 fratribus

618 1874 799 1913 hospitalis
817 1882 845 1903 s.
868 1873 1010 1903 Joannis
1037 1873 1306 1904 Jerosolimitani
1326 1874 1361 1904 in
1388 1873 1506 1904 Insula
1535 1875 1622 1906 Rodi
1648 1875 1915 1906 consistentibus
1934 1876 2090 1907 celeriter
2115 1877 2216 1908 desti-

621 1927 770 1963 nandas;
788 1935 873 1966 quas
888 1926 1023 1965 quidem
1039 1926 1280 1965 responsiones
1296 1935 1372 1957 cum
1389 1927 1458 1966 ipsi
1474 1927 1583 1958 facere
1603 1936 1670 1958 non
1686 1930 1901 1964 curaverunt,
1922 1929 2004 1960 dicti
2022 1929 2170 1960 vicarius
2187 1931 2218 1961 et

619 1989 715 2011 conv.
734 1980 775 2010 ad
793 1988 949 2019 magnam
964 1979 1113 2019 inopiam
1131 1980 1210 2010 sunt
1226 1979 1372 2017 deducti,
1390 1982 1422 2011 et
1438 1989 1539 2020 grave
1553 1981 1674 2012 exinde
1689 1982 1813 2020 poterit
1831 1982 1952 2013 insulae
1967 1982 2115 2022 praefatae
2130 1983 2217 2022 peri-

620 2033 734 2065 culum
750 2033 940 2073 provenire.
964 2050 1004 2054 —
1019 2033 1045 2063 I.
1064 2041 1093 2063 e.
1117 2041 1162 2063 m.
1178 2033 1350 2064 Arelaten.
1370 2035 1402 2064 et
1417 2033 1632 2073 Neapolitan.
1658 2034 1851 2074 archiepis,
1875 2044 1912 2066 ac
1930 2043 2005 2074 ep.o
2023 2036 2217 2071 Civitatem,

620 2087 678 2126 qui
705 2086 883 2126 praedictos
910 2085 1041 2124 priores
1057 2094 1128 2124 -per
1155 2094 1333 2116 censuram
1355 2086 1621 2117 ecclesiasticam
1643 2087 1860 2126 compellant,
1884 2088 2050 2126 invocato,
2075 2089 2104 2119 si
2133 2098 2218 2128 opus

620 2140 734 2176 fuerit,
753 2139 883 2170 auxilio
905 2138 1033 2169 brachii
1053 2139 1237 2169 saecularis.
1253 2139 1305 2177 (A.
1324 2141 1354 2175 9,
1372 2139 1394 2170 f.
1414 2141 1473 2171 363
1488 2139 1522 2176 ¹³3
1547 2139 1578 2171 V.
1596 2141 1647 2176 68,
1664 2149 1717 2179 ep.
1734 2141 1839 2178 1627.)

664 2190 775 2221 8026.
791 2211 829 2215 —
849 2192 889 2222 Ν.
901 2202 929 2223 υ.
944 2191 1062 2222 Joanni
1076 2191 1209 2231 Infanti,
1220 2196 1292 2222 nato
1307 2191 1345 2222 cl.
1361 2202 1401 2222 m.
1418 2191 1576 2233 Alplzonsi
1591 2194 1672 2232 reqis
1688 2193 1839 2231 Castellae‚
1855 2194 1926 2233 qui,
1938 2195 2064 2226 tutorio
2082 2196 2217 2226 nomine

621 2245 800 2286 Alphonsi,
819 2245 975 2276 Castellae
989 2245 1091 2285 regis,
1108 2244 1215 2275 adhuc
1232 2245 1267 2276 in
1282 2245 1407 2284 puerili
1429 2248 1526 2277 aetate
1544 2247 1733 2282 constituti,
1755 2256 1825 2278 rem
1843 2247 1943 2278 inivit
1961 2249 2078 2279 contra
2093 2250 2218 2288 Agare-

621 2308 694 2335 nos,
715 2308 831 2328 necnon
847 2304 874 2328 et
890 2298 952 2338 ipsi
964 2297 1121 2337 Alphomo
1136 2298 1213 2338 re9i‚
1233 2302 1261 2327 et
1277 2298 1344 2338 ejus
1361 2308 1467 2338 reqno,
1494 2299 1559 2330 PP.
1584 2299 1737 2339 impartit
1757 2308 1785 2330 s.
1805 2300 1898 2331 Petri
1915 2303 1948 2331 et
1970 2309 2067 2331 suam
2087 2302 2217 2340 protec-

620 2353 759 2387 tionem,
788 2352 950 2391 quamdiu
973 2351 1202 2390 prosecutioni
1225 2351 1420 2391 huJusmodi
1439 2353 1565 2392 negotii
1592 2353 1756 2384 institerit
1782 2353 1827 2383 id.
1850 2354 2009 2385 Joannes.
2024 2371 2062 2375 -
2078 2354 2106 2384 Ι.
2124 2362 2153 2384 e.
2170 2363 2215 2384 m.

621 2406 773 2436 Toletan.
800 2407 833 2435 et
856 2404 1004 2443 lspalen.
1030 2404 1223 2443 archiep.is‚
1244 2413 1282 2435 ac
1305 2413 1381 2444 ep.o
1409 2405 1613 2443 Corduben„
1640 2406 1764 2446 quibus
1787 2407 1898 2438 mand.
1919 2408 1967 2444 ut,
1996 2407 2067 2446 regi
2085 2408 2118 2437 et
2134 2415 2167 2437 n.
2183 2416 2214 2437 v.

620 2458 742 2489 Joanni
760 2457 911 2497 praefatis
922 2457 1136 2492 assistentes,
1153 2466 1212 2488 eos
1223 2458 1258 2488 in
1272 2458 1346 2489 suis
1356 2458 1456 2489 bonis
1473 2459 1647 2490 molestari
1664 2468 1730 2490 non
1746 2460 1955 2499 permittant.
1971 2460 2023 2498 (A.
2034 2462 2064 2497 9,
2083 2460 2106 2490 f.
2122 2461 2216 2496 466³&

628 2511 660 2541 V.
676 2513 726 2546 68,
745 2520 796 2550 ep.
817 2511 910 2546 ¹6943
927 2510 1109 2550 Raynaldi,
1126 2510 1276 2542 Annales
1293 2511 1495 2547 ecclesiast„
1511 2513 1535 2542 t.
1554 2512 1594 2548 V,
1615 2513 1703 2549 1318,
1722 2514 1855 2551 xxxvi.)

665 2561 777 2593 8027.
796 2581 834 2586 -
855 2563 1015 2593 Praedietis
1025 2562 1185 2603 judicibus
1202 2563 1316 2594 mand.
1337 2565 1374 2595 ut
1391 2564 1590 2596 solemniter
1613 2565 1787 2604 publicent
1808 2565 1992 2604 participes
2011 2573 2086 2596 esse
2106 2565 2217 2596 indul-

621 2618 753 2657 gentiae,
772 2625 846 2657 quae
877 2615 1170 2656 proficiscentibus
1193 2616 1229 2647 in
1244 2617 1356 2648 Terrae
1371 2617 1504 2648 Sanctae
1525 2617 1718 2648 subsidium
1737 2618 1873 2649 concedi
1888 2626 1949 2657 per
1966 2618 2000 2649 S.
2019 2618 2060 2648 A.
2079 2626 2217 2649 consue—

621 2671 680 2707 vit,
700 2678 817 2701 omnes
833 2669 891 2709 qui
909 2678 985 2700 cum
996 2669 1126 2700 Joanne
1145 2669 1291 2706 Infante,
1307 2671 1386 2701 nato
1398 2670 1445 2701 cl.
1466 2679 1510 2701 m.
1528 2670 1694 2710 Alphonsi
1713 2671 1803 2710 regis
1817 2670 1984 2708 Castellae,
2003 2670 2045 2701 ad
2060 2679 2216 2710 prosecu-

622 2724 748 2756 tionem
765 2723 844 2754 fidei
863 2722 990 2762 negotii
1000 2722 1035 2753 in
1050 2722 1200 2762 propriis
1215 2723 1372 2762 personis
1391 2724 1606 2761 accesserint,
1623 2732 1682 2754 seu
1692 2723 1820 2754 dictum
1830 2723 2003 2763 negotium
2016 2731 2077 2762 per
2091 2731 2217 2754 annum

622 2777 868 2817 prosequentur
878 2784 886 2812 ;
911 2775 1010 2815 Juxta
1038 2783 1118 2806 vero
1145 2776 1369 2815 quantitatem
1396 2776 1544 2807 subsidii
1574 2777 1819 2816 indulgentiam
1841 2777 2066 2815 assequentur
2090 2776 2143 2807 illi
2159 2776 2217 2816 qui

621 2829 782 2861 victualia
796 2828 963 2860 exercitui
983 2828 1256 2860 Christianorum
1271 2829 1466 2869 portabunt,
1484 2838 1544 2861 seu
1563 2830 1605 2860 ad
1622 2829 1880 2860 subventionem
1903 2829 2013 2868 ipsius
2034 2830 2161 2869 negotii
2176 2829 2217 2861 de

621 2882 721 2914 bonis
737 2882 810 2913 suis
835 2890 979 2921 congrue
998 2881 1253 2914 ministrabunt.
1269 2882 1326 2923 (A.
1343 2884 1376 2918 9,
1392 2882 1414 2914 f.
1433 2883 1492 2914 466
1511 2882 1542 2919 ¹²3
1570 2881 1603 2912 V.
1623 2884 1673 2918 68,
1691 2891 1744 2922 ep.
1767 2883 1870 2920 1695.)

667 2933 777 2965 8028.
797 2953 834 2958 -
849 2933 1020 2972 Conradus,
1038 2934 1186 2966 decanus
1201 2935 1282 2967 eccl.
1299 2935 1488 2972 Caminen„
1502 2936 1538 2966 in
1559 2935 1749 2966 sacerdotio
1766 2936 1799 2966 et
1818 2936 1915 2966 aetate
1930 2935 2083 2974 legitima
2098 2936 2221 2966 consti-

623 2990 730 3023 tutus,
750 2997 769 3019 a
785 2988 887 3028 capit.
904 2995 965 3028 per
990 2987 1082 3018 viam
1106 2988 1345 3028 compromissi
1371 2988 1499 3020 electus
1522 2988 1556 3019 in
1575 2996 1688 3027 epum
1704 2987 1812 3027 ejusd.
1829 2988 1925 3025 eccl..
1949 2988 1991 3018 ad
2007 2989 2049 3020 R.
2066 2989 2104 3019 E.
2126 2988 2220 3020 nullo

340 3086 486 3114 JOANNIS
504 3087 588 3114 xxu.
612 3104 645 3109 —
664 3087 695 3114 Τ.
717 3087 750 3114 11.
2045 3085 2079 3113 81
