2592 3562
228 406 333 434 Datum
351 400 539 434 Avenione.

214 614 232 641 6
245 613 314 650 (vm
327 613 377 647 id.)
392 612 450 640 dec.
467 611 554 639 1318.

343 719 379 747 Ut
399 727 423 746 s.

341 930 378 958 Ut
399 938 422 958 s.

342 1143 377 1171 Ut
398 1152 422 1171 s.

341 1304 377 1332 L't
397 1312 422 1331 s.

341 1516 377 1544 Ut
397 1525 421 1544 s.

339 1622 375 1651 Ut
395 1630 420 1651 s.

339 1782 376 1811 Ut
396 1791 420 1811 s·

341 1943 374 1972 Ut
394 1952 419 1972 s.

340 2049 374 2078 Ut
394 2058 418 2078 s.

338 2369 374 2397 Ut
394 2377 418 2397 s.

338 2582 373 2610 Ut
392 2591 416 2611 s.

337 2741 374 2769 Ut
394 2749 419 2770 s,

205 2847 292 2884 1201
310 2847 365 2881 id.)
381 2848 442 2876 dec.
462 2848 552 2877 13¹8.

608 310 781 342 JOANNIS
806 309 924 340 PAPAE
946 309 1047 340 XXII.
1074 309 1323 348 (1316-1334).
1348 326 1386 331 --
1409 309 1594 339 LITTERAE
1619 310 1669 340 DE
1692 310 1814 341 CURIA
2162 315 2222 345 443

627 506 696 535 tem
714 503 781 534 ΡΡ.
798 503 828 533 V
847 503 880 533 in
896 501 1090 533 subsidium
1112 503 1210 532 terrae
1231 502 1355 531 sanctae
1380 500 1550 539 deputata,
1573 501 1607 530 in
1627 500 1799 540 Jamdictis
1823 503 2018 542 regionibus
2035 504 2174 536 collecta
2191 505 2224 535 et

629 557 828 596 colligenda.
846 556 900 596 (A.
920 557 968 590 11,
986 555 1011 586 f.
1026 556 1084 586 483
1098 560 1127 591 ³5
1150 554 1183 585 V.
1200 556 1250 589 69,
1269 563 1321 593 ep.
1341 555 1380 584 32
1396 553 1433 583 de
1456 553 1536 592 cur.)

674 606 808 638 10089.
829 627 867 631 -
888 608 963 638 Eid.
987 617 1079 639 conc.
1104 608 1255 647 potestas
1273 606 1459 646 recipiendi
1483 608 1515 636 et
1533 607 1691 637 audiendi
1709 607 1953 646 appellationes
1972 609 2122 640 fidelium
2141 610 2224 650 jam-

628 663 795 694 dictarum
814 662 959 701 partium
981 670 1089 701 usque
1107 661 1147 691 ad
1168 669 1272 691 unum
1289 669 1426 690 annum.
1444 660 1495 696 (A.
1515 661 1563 697 11,
1580 659 1602 690 f.
1620 661 1678 691 483
1695 665 1724 696 ³3
1749 659 1780 690 V.
1798 662 1849 697 69,
1874 670 1925 700 ep.
1945 663 1984 692 33
2000 661 2036 692 de
2051 664 2129 700 cur.)

674 713 808 744 10090.
828 734 865 738 -
882 715 955 745 Eid.
975 724 1066 745 conc.
1086 713 1185 745 facul.
1204 713 1430 752 compellendi
1447 722 1506 752 per
1529 722 1708 744 censuram
1724 713 1910 745 ecclesiast.
1932 714 2122 746 ordinarios
2139 716 2225 747 Mar—

628 769 721 807 chiae,
737 769 859 800 Massae
875 768 1057 804 Trabariae,
1074 769 1184 804 terrae,
1199 767 1291 798 civit.
1309 768 1342 797 et
1357 767 1538 797 comitatus
1554 766 1803 806 praedictorum,
1817 767 1875 806 qui
1893 767 2079 798 sententias
2095 777 2224 800 excom.

629 824 662 854 et
679 822 849 854 interdicti
867 831 928 861 per
948 822 1062 862 ipsum
1078 821 1165 852 latas
1186 820 1359 851 observari
1374 819 1484 850 facere
1502 820 1747 857 contradicunt,
1767 821 1804 851 ut
1820 829 1877 851 eas
1895 820 2038 852 firmiter
2054 821 2226 854 observari

627 876 845 907 demandent.
862 875 916 915 (A.
937 878 984 913 11,
1002 875 1023 905 f.
1040 875 1100 906 183
1120 874 1154 910 bg
1176 873 1211 904 V.
1229 875 1281 909 69,
1297 882 1349 913 ep.
1368 875 1406 904 34
1422 873 1457 902 de
1473 875 1550 911 cur.)

674 926 808 958 10091.
825 946 863 951 —
878 928 1052 959 Inhibetur
1075 927 1232 959 omuibus
1250 926 1551 958 communitatibus
1566 936 1626 957 seu
1644 926 1925 958 universitatibus
1947 928 1979 958 et
1994 928 2227 968 singularibus

627 991 719 1022 pers.
738 983 880 1013 ducatus
902 981 1078 1021 Spoletani
1097 981 1138 1012 R.
1162 981 1201 1011 E.
1221 979 1395 1019 subjectis,
1421 988 1461 1010 ne
1479 981 1675 1019 potestates,
1699 981 1904 1019 capitaneos,
1924 980 1977 1011 vel
1995 983 2143 1012 rectores
2165 990 2226 1013 seu

628 1036 793 1067 officiales
810 1035 948 1075 eligere,
966 1043 1026 1066 nec
1046 1033 1226 1074 quibusvis
1242 1033 1379 1064 obedire
1396 1035 1615 1072 praesumant,
1636 1034 1703 1064 nisi
1729 1042 1790 1073 per
1812 1034 1846 1066 S.
1870 1034 1908 1064 A.
1926 1034 2043 1065 electis
2060 1036 2093 1066 et
2109 1036 2228 1067 confir-

628 1089 742 1120 matis.
760 1089 811 1129 (A.
831 1090 878 1126 11,
897 1089 920 1119 f.
938 1089 997 1119 485
1014 1093 1045 1124 ³3
1068 1087 1105 1119 V.
1120 1089 1171 1125 69,
1187 1096 1239 1127 ep.
1258 1089 1296 1118 36
1311 1086 1347 1117 de
1360 1088 1440 1125 cur.)

675 1139 809 1171 10092.
826 1159 865 1165 —-
881 1142 964 1173 Ead.
981 1140 1139 1172 inhibitio
1153 1140 1390 1180 promulgatur
1402 1140 1437 1170 in
1455 1139 1603 1171 Marchia
1613 1140 1831 1177 Anconitana,
1847 1141 1961 1172 Massa
1973 1140 2148 1177 Trabaria,
2160 1143 2225 1174 ter·

629 1195 677 1226 ris
694 1205 721 1226 s.
737 1195 886 1235 Agathae,
905 1194 997 1226 civit.
1015 1194 1137 1226 Urbini
1154 1195 1186 1225 et
1201 1193 1326 1234 quond.
1344 1193 1525 1224 comitatus
1546 1193 1668 1232 ipsius.
1685 1193 1738 1233 (A.
1757 1195 1806 1231 11,
1823 1193 1846 1224 f.
1863 1195 1924 1225 185
1940 1199 1968 1231 ³3
1991 1194 2026 1225 V.
2049 1195 2100 1232 69,
2117 1204 2170 1235 ep.
2186 1198 2224 1228 37

627 1248 663 1279 de
684 1250 766 1286 cur.)

674 1299 807 1331 10093.
829 1319 867 1324 -
884 1301 969 1342 May.
992 1299 1158 1341 Raynaldo
1177 1300 1213 1330 de
1230 1309 1254 1330 s.
1278 1299 1418 1330 Arcemia
1439 1299 1572 1330 thesaur.
1599 1300 1670 1330 eccl.
1692 1300 1884 1337 Noviomen.,
1908 1300 1974 1332 ΡΡ.
1996 1311 2077 1342 cap.‚
2097 1301 2225 1333 ducatus

603 1384 605 1387 .
627 1355 791 1396 Spoletani
806 1355 930 1392 rectori,
950 1354 1051 1385 facul.
1075 1354 1300 1394 compellendi
1323 1353 1515 1384 ordinarios
1531 1355 1564 1384 et
1581 1353 1708 1384 clerum
1726 1353 1808 1384 dicti
1827 1353 1968 1384 ducatus
1986 1354 2028 1385 ad
2044 1354 2223 1387 observan-

627 1409 708 1440 dum
723 1417 853 1440 excom.
873 1409 1060 1439 sententias
1077 1416 1137 1447 per
1153 1407 1266 1447 ipsum
1280 1406 1367 1438 latas
1380 1408 1498 1438 contra
1519 1406 1730 1446 appellantes
1748 1415 1767 1437 a
1786 1407 2002 1446 processibus
2019 1416 2132 1439 coram
2148 1409 2224 1450 ipso

628 1461 813 1493 fabricatis.
835 1461 886 1498 (A.
903 1463 952 1496 11,
970 1461 992 1492 f.
1009 1462 1069 1493 506
1088 1460 1118 1497 Β,
1140 1460 1175 1491 V.
1192 1461 1243 1495 69,
1262 1469 1315 1500 ep.
1329 1461 1368 1492 38
1384 1459 1420 1490 de
1434 1461 1514 1498 cur.)

674 1511 808 1544 10091.
827 1531 865 1537 -
881 1514 959 1544 Eid.
978 1513 1140 1554 ltaynaldo
1165 1514 1395 1545 conceduntur
1417 1513 1597 1544 facultates
1617 1521 1720 1552 supra
1738 1513 1874 1550 relatas,
1892 1522 1924 1544 11.
1949 1515 2072 1551 10086,
2099 1516 2223 1552 10.087,

628 1569 752 1600 10.089.
775 1568 827 1606 (Α.
846 1570 893 1606 11,
913 1568 935 1599 f.
951 1569 1009 1599 507
1023 1572 1037 1588 a
1052 1569 1084 1598 et
1101 1566 1131 1603 1³3
1152 1567 1188 1598 V.
1204 1568 1255 1604 69,
1273 1575 1326 1607 ep.
1344 1568 1394 1604 39,
1409 1567 1459 1604 40,
1477 1568 1516 1597 42
1533 1566 1571 1597 de
1586 1565 1665 1605 cur.)
2047 1566 2051 1568 ·

673 1619 807 1650 10095.
833 1640 871 1644 -
887 1620 963 1652 Eid.
990 1620 1154 1661 Raynaldo
1173 1629 1265 1652 conc.
1283 1621 1434 1659 potestas
1454 1620 1618 1660 puniendi
1637 1628 1799 1651 excessus
1818 1620 1898 1651 cler.
1918 1621 1950 1651 et
1968 1621 2111 1652 aliarum
2132 1630 2222 1662 pers.

626 1675 814 1707 ecclesiast.
842 1675 924 1706 dicti
949 1675 1104 1711 ducatus,
1130 1674 1164 1704 in
1193 1674 1325 1705 defectu
1350 1673 1578 1713 praelatorum,
1607 1681 1715 1713 usque
1740 1673 1782 1704 ad
1809 1682 1914 1704 unum
1938 1682 2076 1705 annum.
2102 1675 2152 1713 (A.
2174 1677 2223 1712 11,

626 1729 651 1760 f.
668 1730 727 1760 507
742 1728 776 1765 ¹³3
799 1728 835 1759 V.
851 1730 902 1766 69,
924 1737 976 1768 ep.
994 1730 1030 1759 41
1049 1727 1086 1758 de
1104 1727 1184 1767 cur.)

672 1779 807 1811 10096.
829 1799 868 1804 -
884 1781 959 1812 Eid.
980 1780 1145 1822 Baynaldo
1162 1790 1255 1812 conc.
1276 1781 1427 1820 potestas
1448 1780 1673 1820 compellendi
1690 1789 1750 1820 per
1770 1788 1949 1811 censuram
1967 1780 2154 1813 ecclesiast.
2172 1791 2225 1813 or-

625 1836 789 1872 dinarios,
816 1835 917 1875 capit.
944 1838 976 1866 et
1005 1835 1090 1866 alias
1116 1843 1205 1874 pers.
1226 1834 1414 1865 ecclesiast.
1441 1834 1482 1864 ad
1503 1833 1733 1864 observandas
1756 1834 1941 1865 sententias
1960 1842 2021 1873 per
2040 1834 2153 1874 ipsum
2172 1836 2226 1866 vel

625 1889 790 1920 officiales
806 1897 887 1920 suos
903 1889 1002 1920 latas.
1019 1889 1074 1929 (A.
1093 1890 1142 1924 11,
1162 1888 1184 1918 f.
1199 1888 1259 1919 508
1276 1893 1306 1923 ⁸;
1331 1887 1366 1918 V.
1382 1889 1432 1924 69,
1451 1895 1503 1926 ep.
1519 1888 1557 1918 43
1575 1888 1604 1918 A
1620 1886 1656 1917 de
1669 1886 1752 1926 cur.)

671 1939 805 1971 10097.
835 1961 873 1965 -
895 1942 979 1973 Ead.
1005 1942 1156 1981 potestas
1182 1950 1274 1972 conc.
1301 1940 1419 1971 Amelio
1445 1940 1482 1971 de
1510 1940 1667 1976 Lanu-ico,
1694 1940 1815 1971 rectori
1839 1940 1997 1972 Marchiae
2020 1941 2222 1973 Anconitan.

625 1996 680 2037 (A.
700 1997 749 2033 11,
769 1995 791 2026 f.
809 1995 908 2031 508b;
932 1995 967 2026 V.
981 1997 1032 2029 69,
1051 2004 1103 2034 ep.
1121 1996 1160 2026 43
1175 1995 1203 2026 Β
1217 1994 1253 2024 de
1266 1995 1347 2033 cur.)

671 2046 805 2078 10098.
825 2067 862 2071 -
879 2049 1047 2079 Bononien.
1075 2052 1103 2078 et
1121 2047 1297 2078 Ferrarien.
1323 2048 1399 2088 eois
1418 2047 1531 2079 mand.
1557 2048 1595 2079 ut
1615 2047 1791 2078 observari
1809 2047 1934 2078 faciant
1951 2048 2132 2087 quamdam
2148 2057 2225 2088 pro-

623 2102 841 2134 testationem
858 2102 1045 2133 Clemensss
1064 2102 1135 2132 ΡΡ.
1150 2102 1191 2138 V,
1209 2101 1331 2133 factam
1350 2101 1524 2132 occasione
1540 2109 1606 2141 qua
1621 2101 1760 2141 quidam
1775 2109 1836 2140 per
1853 2101 1972 2132 ducem
1987 2101 2020 2132 et
2038 2101 2224 2133 Commune

623 2155 846 2188 Venetiarum
871 2155 1055 2186 Castellan.
1080 2155 1126 2186 di.
1148 2155 1182 2186 in
1205 2154 1314 2195 pactis
1331 2155 1420 2186 inter
1439 2154 1533 2194 ipsas
1550 2156 1583 2186 et
1601 2163 1778 2186 commune
1802 2155 1995 2186 Ferrarien.
2022 2154 2160 2192 habitis,
2184 2155 2226 2186 ad

624 2210 754 2240 certum
770 2209 1001 2240 ministerium
1018 2209 1211 2248 deputatus,
1226 2208 1262 2239 in
1277 2208 1529 2248 derogationem
1546 2208 1708 2239 Ecclesiae
1724 2208 1887 2239 Romanae
1904 2207 2109 2238 vicedominus
2126 2217 2225 2240 voca-

623 2262 734 2299 batur,
753 2270 829 2293 cum
851 2262 966 2301 potius
986 2266 1173 2302 procurator
1195 2261 1249 2293 vel
1266 2262 1370 2293 etiam
1396 2261 1564 2292 advocatus
1584 2262 1749 2293 Veneten.
1770 2261 1942 2293 vocandus
1967 2262 2071 2292 esset.
2097 2261 2149 2301 (A.
2174 2263 2223 2299 11,

623 2315 647 2347 f.
667 2316 727 2347 489
742 2320 771 2352 ⁸;
795 2315 830 2346 V.
848 2317 899 2351 69,
916 2323 969 2355 ep.
986 2317 1024 2347 51
1042 2314 1079 2345 de
1093 2316 1174 2354 cur.)

669 2365 803 2397 10099.
823 2386 860 2391 —
875 2368 1036 2398 Praedictis
1051 2368 1131 2409 ep.is
1143 2378 1179 2398 ac
1193 2378 1273 2408 may.
1288 2367 1313 2398 A
1318 2368 1451 2408 ymerico
1464 2367 1500 2399 de
1514 2368 1539 2399 C
1540 2367 1700 2398 astrolucii
1717 2368 1829 2399 mand.
1842 2368 1879 2398 ut
1893 2367 2057 2406 recipiant
2069 2367 2222 2407 quaedam

624 2430 745 2462 magna
762 2421 891 2462 palatia
908 2421 943 2452 in
959 2421 1051 2452 civit.
1068 2420 1260 2453 Ferrarien.
1278 2421 1462 2452 constituta
1481 2422 1514 2452 et
1535 2421 1577 2452 ad
1595 2421 1663 2453 ΡΡ.
1685 2420 1808 2461 pertin.
1829 2420 1871 2451 ab
1885 2419 2074 2451 haeredibus
2095 2419 2223 2451 Azouis

623 2475 830 2506 marchionis
843 2475 960 2506 Esten.
976 2475 1031 2515 (A.
1048 2477 1097 2511 11,
1112 2474 1136 2506 f.
1151 2475 1211 2506 487
1227 2474 1240 2496 b
1254 2475 1286 2506 et
1299 2475 1359 2507 536
1375 2474 1404 2512 ι>;
1422 2474 1455 2506 V.
1473 2477 1525 2512 69,
1539 2483 1591 2514 ep.
1608 2476 1661 2505 121
1680 2475 1715 2504 de
1730 2483 1795 2504 cur.
1805 2483 1814 2510 ;
1836 2473 1964 2510 mezler,
1980 2473 2222 2504 Vatikanische

623 2528 748 2566 Akten,
765 2537 799 2559 n.
817 2529 901 2568 144.)

669 2578 803 2611 10100.
821 2600 859 2605 -
873 2582 956 2622 Moy.
969 2581 1131 2623 Raynaldo
1143 2581 1212 2612 des.
1226 2581 1387 2612 Arthemia
1402 2582 1517 2613 rectori
1528 2581 1655 2612 ducatus
1671 2579 1830 2621 Spolecan.
1845 2579 2046 2619 prorogatur
2058 2578 2100 2609 ad
2113 2578 2219 2610 alium

623 2644 750 2667 annum
772 2634 873 2666 facul.
895 2635 1098 2675 procedendi
1116 2636 1232 2667 contra
1248 2635 1328 2667 cler.
1348 2635 1430 2667 dicti
1454 2635 1597 2666 ducatus
1620 2635 1655 2665 in
1680 2633 1812 2665 defectu
1834 2632 2061 2672 praelatorum.
2089 2631 2141 2670 (A.
2167 2634 2217 2669 11,

623 2689 648 2721 f.
665 2689 725 2720 578
743 2688 774 2725 Ι),
797 2688 833 2720 V.
849 2690 901 2724 69,
919 2697 972 2728 ep.
993 2689 1051 2721 197
1067 2688 1104 2719 de
1120 2688 1200 2728 cur.)

669 2739 802 2771 10101.
825 2759 864 2765 -
881 2741 957 2773 Eid.
975 2742 1085 2772 rectori
1100 2743 1301 2782 prorogatur
1319 2742 1360 2773 ad
1382 2742 1488 2773 alium
1505 2750 1558 2772 an.
1576 2740 1719 2771 facultas
1736 2737 1920 2779 recipiendi
1938 2737 2182 2777 appellationes
2197 2746 2216 2768 a

623 2795 767 2827 decretis
782 2795 1041 2826 ordinariorum.
1061 2795 1114 2836 (A.
1136 2797 1186 2833 11,
1203 2795 1225 2826 f.
1245 2796 1305 2827 578
1320 2795 1353 2832 ¹³5
1375 2795 1407 2826 V.
1424 2797 1474 2832 69,
1492 2803 1543 2834 ep.
1562 2795 1618 2825 198
1634 2792 1670 2823 de
1686 2791 1766 2831 cur.)

668 2845 802 2877 10102.
819 2867 855 2872 -
871 2848 1013 2880 Per-usin.
1030 2854 1059 2879 ec
1080 2848 1241 2890 Spoletan.
1261 2849 1342 2890 ep.is
1360 2849 1473 2880 mand.
1497 2850 1533 2878 ut
1557 2847 1660 2878 citent
1681 2853 1795 2885 ep.um
1813 2844 2027 2884 Fulginaten.
2045 2843 2103 2883 qui
2121 2851 2216 2874 man-

622 2902 701 2933 data
719 2901 874 2942 jamdicti
891 2902 1032 2934 rectoris
1050 2903 1268 2934 contemnens
1286 2902 1321 2933 in
1336 2902 1421 2933 locis
1437 2901 1478 2932 ab
1495 2901 1570 2940 ipso
1593 2898 1771 2930 interdicto
1794 2896 1981 2938 suppositis
1999 2896 2114 2927 divina
2131 2896 2214 2927 cele·

622 2955 720 2986 brare
733 2955 919 2995 praesumit,
937 2957 974 2987 ut
990 2955 1077 2987 infra
1090 2956 1175 2988 duos
1192 2964 1327 2988 menses
1344 2957 1451 2995 apost.
1470 2951 1663 2993 conspectui
1680 2960 1715 2983 se
1729 2951 1918 2991 praesentet.
1935 2950 1986 2989 (A.
2006 2951 2055 2986 11,
2069 2949 2091 2980 f.
2108 2950 2167 2981 509
2182 2949 2213 2986 ¹³5

626 3008 661 3039 V.
678 3010 730 3046 69,
748 3017 800 3049 ep.
816 3011 856 3041 16
870 3008 906 3040 de
924 3014 1002 3048 cur.)
