2592 3562
389 274 451 306 274
607 273 860 306 APPENDICES
883 274 939 306 AD
961 274 1183 306 SECUNDUM
1207 274 1354 306 ANNUM
1377 273 1571 306 BULLARII
1592 273 1768 306 JoANle
1789 274 1893 308 xxss.
1910 292 1948 298 -
1962 275 2199 314 (iaie-1884)

419 576 522 603 Datum
549 571 731 604 Avenione.

465 624 500 651 17
511 623 579 658 jun.
598 623 687 652 1318.

460 671 511 702 (xv
534 668 594 696 kal.
612 667 689 705 jun.)

465 888 577 923 29jun.
594 887 682 915 1318.

429 932 491 967 (Die
503 932 580 960 Jovis
597 932 626 959 in
644 931 719 959 resto

428 976 623 1012 apostolorum
638 975 717 1004 Petri

498 1023 527 1049 et
546 1020 650 1057 Pauli.)

478 1154 496 1181 ε
505 1153 562 1187 jul.
581 1152 668 1181 1318.

457 1312 498 1340 22
514 1312 572 1347 Juc.
593 1311 680 1340 1318.

475 1684 492 1711 5
506 1692 571 1719 auq.
590 1683 675 1711 1318.

419 2062 521 2088 Datum
542 2058 725 2090 Avenione.

406 2109 425 2137 8
441 2110 483 2151 (γι
501 2110 553 2145 id.)
568 2119 633 2145 auq.
654 2110 739 2139 1318.

388 2221 493 2249 Datum
509 2222 580 2249 Rodi
591 2221 636 2249 die
650 2222 664 2249 1
680 2230 759 2249 men-

416 2266 456 2294 sis
472 2269 541 2302 sept.
558 2266 660 2294 indict.
675 2266 698 2293 II
712 2267 730 2293 ¹.

468 2434 487 2461 b
502 2437 572 2470 sept.
589 2435 678 2463 1318.

532 2860 619 2889 1318.

816 466 867 498 eis
884 466 1007 503 illatas,
1025 468 1088 498 etc.
1107 483 1144 488 —
1157 466 1208 497 Au
1223 475 1339 496 revers:
1358 465 1519 498 Exhibita
1535 466 1590 498 die
1607 465 1741 498 sabbati
1756 475 1830 498 xxii
1849 466 1980 497 mensis
1993 465 2199 506 septembris
2213 475 2275 507 per
2290 467 2415 500 archie-

816 528 911 559 p.um
930 519 1050 560 Rigen.
1070 519 1169 559 (Oriy.
1183 528 1272 559 perq.
1289 528 1445 559 maqnum,
1462 527 1495 551 n.
1513 521 1548 556 5;
1567 519 1628 551 cfr.
1648 528 1680 551 n.
1695 521 1801 558 6353.)

861 569 971 602 8368.
990 590 1028 595 -
1044 573 1193 604 Joannes
1216 571 1309 612 Papa
1334 571 1434 603 XXII
1450 572 1598 604 mandat.
1617 572 1711 604 univ.
1729 571 1912 612 archiepis
1928 573 1961 603 et
1977 572 2065 612 ep.is
2079 580 2141 612 per
2161 581 2304 614 regnum
2319 573 2416 605 Hun-

817 626 918 665 gariae
934 625 1128 656 constitutis
1143 626 1180 655 ut
1195 624 1230 655 in
1249 625 1383 664 negotio
1398 625 1611 657 collectionis
1627 625 1798 656 fructuum
1810 625 1913 665 primi
1930 625 2011 656 anni
2025 624 2137 657 benef.
2157 634 2231 658 vac.
2248 635 2357 667 usque
2374 627 2416 659 ad

815 678 999 710 triennium
1017 686 1077 717 pro
1105 678 1146 709 R.
1166 677 1205 709 E.
1235 677 1497 710 necessitatibus
1513 678 1720 714 relevandis,
1743 678 1831 718 ipsis
1846 681 1879 709 et
1895 686 1983 718 mag.
2002 678 2126 711 Rufino
2141 679 2183 711 de
2199 679 2346 718 Civinio‚
2363 688 2416 712 ar-

815 731 902 763 chid.
923 730 1054 762 Tollen.
1068 731 1101 761 in
1118 730 1198 762 eccl.
1218 730 1569 771 Quinqueecclesien.‚
1588 731 1624 762 in
1641 731 1730 762 dicto
1745 739 1848 771 regno
1864 731 2061 768 commisso,
2076 732 2305 772 promptiores
2316 732 2418 765 ineis·

814 786 898 820 tant,
915 785 948 815 et
964 784 1030 814 eid.
1048 792 1136 823 mag.
1154 784 1195 814 de
1211 791 1331 815 securo
1348 784 1515 816 conductu
1532 784 1733 824 provideant
1756 792 1834 815 cum
1859 784 2020 824 requisiti
2037 784 2176 816 fuerint.
2195 786 2295 826 (Or-iq.
2310 795 2415 828 per-9..

815 846 848 867 n.
867 838 900 873 7;
915 836 976 867 cfr.
997 846 1029 867 n.
1048 836 1155 875 8206.)

858 887 969 918 8369.
987 906 1026 911 -
1042 889 1233 929 Stephanus
1251 890 1408 922 Verderii
1423 890 1479 922 del
1493 890 1644 922 Brunhio
1661 890 1855 930 recognovit
1870 890 2118 923 Bartholomaeo
2133 891 2271 924 Thomae
2287 894 2321 924 et
2338 892 2418 925 Fal-

815 951 888 982 quae
906 942 1103 982 Lugdunen.
1120 942 1321 983 conjugibus
1336 951 1373 975 se
1387 943 1510 975 debere
1525 945 1565 975 20
1579 943 1643 975 sol.
1653 945 1720 974 tur.
1739 945 1772 974 et
1787 951 1893 975 unum
1909 943 2092 975 carcallum
2108 944 2270 985 siliginis,
2288 953 2363 986 quae
2374 945 2417 978 ab

814 995 900 1034 ipsis
925 1004 966 1026 ex
988 1004 1090 1026 causa
1112 996 1224 1027 mutui
1246 998 1430 1036 receperat.
1453 997 1577 1028 Actum
1601 1005 1714 1028 coram
1736 996 1837 1028 Petro
1862 996 1903 1028 de
1929 997 2082 1034 Pauceti‚
2105 997 2186 1029 cler.
2210 999 2280 1030 not.
2301 997 2418 1039 ,iurato

814 1049 916 1080 curiae
929 1048 1087 1079 officialis
1101 1049 1312 1080 Avenionen.
1326 1066 1365 1072 —
1380 1049 1431 1080 Au
1446 1059 1566 1080 revers:
1580 1049 1690 1082 Solvit
1704 1046 1766 1089 'pro
1780 1049 1950 1090 scriptura
1959 1059 2009 1082 ιη
2021 1050 2192 1083 denarios.
2209 1050 2310 1093 (Or-iq.
2322 1060 2415 1094 per-9.

810 1111 955 1142 parvum,
972 1110 1005 1133 n.
1017 1101 1062 1141 8.)

859 1152 970 1184 8370.
988 1172 1028 1177 —
1041 1156 1127 1187 Acta
1144 1156 1339 1187 consistorii
1364 1156 1399 1187 in
1418 1165 1484 1196 quo
1507 1157 1770 1196 comparuerunt
1791 1157 2030 1196 procuratores
2046 1157 2280 1190 marchionum
2299 1158 2418 1191 Eaten-

815 1208 906 1239 sium
934 1209 967 1239 et
991 1208 1195 1240 Anconitan.
1211 1210 1249 1240 ut
1267 1209 1498 1249 significarent
1515 1209 1615 1249 Papae
1638 1217 1674 1240 se
1690 1209 1886 1249 resignasse
1895 1210 1996 1250 juxta
2015 1211 2214 1242 mandatum
2233 1212 2342 1251 apost.
2357 1210 2417 1243 do·

815 1261 960 1292 minium
977 1261 1068 1293 civit.
1083 1261 1261 1294 Ferrariae.
1278 1261 1378 1302 (Oriq.
1389 1272 1495 1303 perq„
1511 1262 1571 1293 sed
1589 1262 1750 1293 mutilum
1767 1271 1828 1302 pro
1841 1263 1977 1294 meliori
1993 1265 2101 1303 parte,
2119 1272 2152 1295 n.
2169 1265 2214 1303 9.)

860 1312 970 1343 8371.
989 1332 1027 1337 -
1041 1315 1164 1346 Petrus
1186 1324 1284 1355 ep.us
1305 1316 1432 1356 Regen.
1454 1315 1584 1347 confert
1611 1316 1713 1347 Petro
1729 1315 1770 1347 de
1789 1316 1866 1354 Via,
1892 1316 1987 1355 cler„
2007 1317 2149 1357 priorat.
2177 1317 2360 1349 s.Joannis
2375 1317 2418 1350 de

815 1368 1000 1406 MosteriiS,
1018 1377 1088 1399 suae
1114 1368 1173 1405 di„
1193 1377 1220 1400 s.
1238 1377 1280 1406 c.‚
1295 1368 1337 1400 ab
1354 1369 1437 1400 olim
1460 1377 1520 1408 per
1543 1369 1656 1400 saecul.
1681 1368 1760 1400 cler.
1779 1368 1856 1409 gub.
1881 1370 2033 1408 solitum,
2053 1370 2094 1401 ad
2117 1371 2416 1410 praesentationem

815 1421 891 1452 abb.
918 1423 1062 1452 monast.
1080 1430 1108 1452 s.
1124 1421 1275 1453 Victoris
1293 1422 1496 1459 Massilien.‚
1515 1422 1554 1454 Ο.
1569 1423 1602 1453 S.
1619 1423 1672 1459 B.,
1691 1424 1724 1453 et
1742 1422 1784 1453 ad
1801 1423 2055 1455 institutionem
2076 1423 2160 1455 dicti
2175 1424 2244 1464 ep.i
2268 1424 2391 1464 pertin.
2406 1433 2416 1460 ς

815 1483 890 1506 cum
909 1475 1018 1505 dictus
1044 1474 1119 1506 abb.
1144 1484 1211 1507 non
1234 1476 1365 1507 curavit
1388 1475 1429 1506 ad
1452 1475 1612 1515 praedicto
1637 1476 1779 1515 priorat.
1799 1476 2050 1516 praeficiendam
2063 1485 2155 1517 pers.
2173 1477 2330 1510 idoneam
2346 1477 2416 1510 eid.

815 1536 890 1567 ep.0
906 1529 1186 1567 praesentandam,
1204 1529 1315 1568 ipsius
1331 1529 1502 1568 prioratus
1519 1529 1632 1560 collat.
1649 1529 1710 1560 hac
1727 1529 1799 1560 vice
1814 1529 1857 1560 ad
1871 1530 1984 1562 eumd.
2002 1539 2117 1570 ep.um
2127 1532 2179 1562 est
2193 1530 2346 1571 legitime
2359 1530 2418 1563 do-

816 1581 940 1612 voluta.
962 1581 1116 1621 Magistri
1130 1582 1309 1617 Geraldus,
1327 1582 1437 1621 ipsius
1462 1582 1530 1622 ep.i
1547 1582 1707 1620 vicarius,
1725 1582 1933 1614 Guillelmus
1958 1591 2059 1623 praep.
2082 1585 2115 1616 et
2135 1584 2326 1623 stardus‚
2341 1593 2416 1616 can.

816 1635 894 1665 eccl.
916 1635 1056 1674 Regen„
1074 1635 1279 1674 deputantur
1293 1635 1426 1675 judices
1441 1637 1647 1667 executores.
1666 1635 1765 1677 (Oriq.
1781 1646 1871 1676 perq.
1885 1646 1977 1677 parv.
1993 1645 2070 1668 oum
2087 1637 2145 1668 filo
2159 1637 2282 1675 serico,
2300 1646 2334 1669 n.
2352 1638 2416 1678 10.)

860 1685 970 1716 3372.
990 1706 1028 1710 —
1049 1688 1240 1727 Spei-antia,
1265 1697 1378 1720 comes
1405 1689 1445 1720 de
1467 1688 1721 1724 Monteferetro,
1745 1689 1872 1729 obligat
1897 1698 1934 1721 se
1957 1691 1992 1721 et
2013 1690 2232 1722 Fredericum
2251 1690 2362 1723 filium
2378 1699 2417 1723 ac

815 1741 1004 1772 Guidonem
1034 1750 1111 1781 nep.
1128 1750 1220 1777 suos,
1237 1742 1442 1781 promittens
1463 1742 1598 1773 Amelio
1625 1742 1666 1774 de
1689 1742 1860 1780 Lautrico,
1877 1743 1978 1783 Papae
1997 1751 2084 1783 cap„
2101 1743 2303 1776 Anconitan.
2328 1744 2414 1776 Mar-

815 1794 909 1831 chiae‚
928 1795 1049 1826 Massae
1077 1795 1260 1833 Trabariae‚
1285 1797 1454 1827 terrarum
1480 1804 1508 1827 s.
1526 1795 1676 1835 Agathae‚
1701 1796 1792 1827 civit.
1812 1796 1935 1828 Urbini
1952 1798 1985 1828 et
2001 1797 2182 1828 comitatus
2204 1797 2286 1828 olim
2305 1797 2418 1837 ipsius

815 1856 875 1886 pro
889 1847 921 1878 S.
939 1848 979 1879 R.
998 1848 1035 1878 E.
1052 1847 1201 1887 generali
1223 1849 1358 1885 rectori,
1377 1849 1467 1888 quod
1489 1848 1621 1888 judices
1641 1857 1701 1879 seu
1723 1849 1870 1880 vicarios
1895 1850 1930 1880 in
1956 1850 2049 1881 civit.
2068 1849 2190 1882 Urbini
2207 1851 2240 1882 et
2254 1850 2418 1882 comitatu

816 1901 940 1939 quond.
964 1901 1074 1939 ipsius
1101 1902 1319 1933 destinandos
1343 1902 1486 1941 recipiet
1517 1904 1548 1933 et
1576 1901 1762 1942 adiuvabit,
1795 1903 1859 1933 sub
1885 1903 2090 1942 quibusdam
2109 1903 2289 1935 clausulis.
2313 1902 2417 1944 (Oria.

814 1963 900 1994 per-9.
920 1964 1023 1994 mayn.
1043 1954 1118 1985 cum
1144 1955 1228 1986 vitta
1250 1955 1359 1986 serica
1381 1954 1498 1992 rubea,
1521 1964 1588 1995 qua
1614 1956 1736 1994 pendet
1763 1955 1917 1995 sigillum
1946 1956 2073 1988 Amelii
2098 1957 2241 1988 rectoris
2264 1957 2419 1997 praedicti

816 2007 857 2037 de
876 2015 952 2038 cera
969 2007 1072 2038 rubea
1086 2008 1286 2045 confectum,
1306 2017 1338 2039 n.
1357 2008 1423 2048 11.)

861 2057 970 2089 8373.
990 2078 1028 2083 -
1043 2061 1172 2092 Littera
1188 2062 1330 2092 Joannis
1341 2062 1442 2093 XXII
1458 2070 1533 2102 quae
1549 2070 1657 2102 magg.
1678 2062 1864 2094 Guillelmo
1881 2062 1922 2094 de
1937 2062 2077 2094 Balaeto
2091 2064 2124 2094 et
2138 2063 2262 2095 Joanni
2276 2063 2418 2104 Rogerii

818 2113 984 2153 significat
1004 2115 1086 2153 quid
1112 2115 1355 2154 agendum-est
1379 2115 1544 2146 adversus
1567 2124 1681 2155 ep.um
1712 2116 1944 2156 Caputaquen.
1973 2115 2074 2156 (Oriq.
2101 2125 2204 2157 per9.‚
2221 2125 2254 2148 n.
2275 2117 2338 2155 123>
2353 2116 2417 2149 cfr.

817 2176 850 2198 n.
868 2168 976 2207 8334.)

862 2218 972 2249 8374.
992 2239 1030 2243 —
1050 2222 1168 2252 Frater
1194 2222 1365 2253 Gerardus
1390 2222 1430 2253 de
1450 2221 1608 2259 Pinibus,
1635 2223 1707 2254 ord.
1723 2214 1905 2262 hospitalis
1931 2231 1959 2253 s.
1977 2223 2120 2254 Joannis
2145 2223 2417 2256 Jerosolimitan.

818 2274 979 2310 vicarius,
999 2274 1159 2306 describit
1177 2275 1300 2306 Joanni
1314 2275 1414 2315 Papae
1435 2276 1535 2307 XXII
1552 2276 1731 2307 victoriam
1748 2278 1864 2307 contra
1881 2276 2011 2307 Turcos
2033 2276 2068 2307 in
2083 2275 2239 2316 partibus
2251 2277 2418 2309 Rodianis

818 2327 961 2358 relatam
975 2327 1016 2358 ab
1031 2327 1170 2359 Alberto
1187 2328 1227 2359 de
1243 2328 1349 2367 Nigro
1365 2329 1498 2364 Castro,
1517 2337 1640 2369 magno
1656 2330 1861 2368 praeceptore
1878 2329 2000 2360 domus
2015 2329 2200 2361 Cismarini
2222 2338 2318 2361 conv.
2334 2330 2418 2366 dicti

818 2380 889 2411 ord.
906 2379 1005 2421 (Oriy.
1019 2391 1105 2421 per-9.
1121 2381 1228 2419 latum,
1249 2391 1281 2413 n.
1302 2382 1369 2421 13.)

863 2431 974 2462 8375.
990 2451 1028 2457 -
1047 2434 1219 2466 Sententia
1241 2435 1309 2466 lata
1334 2444 1394 2475 per
1420 2436 1665 2476 Raymundum
1689 2435 1843 2472 Juvenis,
1873 2436 2010 2467 scolast.
2033 2436 2296 2476 Petragoricen„
2315 2437 2418 2469 curiae

818 2495 959 2519 camerae
980 2487 1081 2527 Papae
1098 2488 1289 2527 generalem
1317 2489 1519 2525 auditorem,
1537 2490 1654 2520 contra
1677 2489 1918 2521 Anselminum
1934 2489 1976 2521 de
1997 2489 2197 2521 Colionibus
2219 2490 2261 2521 de
2287 2489 2418 2522 Medio·

817 2540 906 2576 lano,
922 2542 1087 2572 rectorem
1109 2541 1304 2581 leprosariae
1331 2542 1371 2573 de
1392 2542 1511 2574 Castro
1535 2543 1684 2581 Villano,
1710 2543 1896 2583 Lingonen.
1916 2543 1977 2580 di„
1993 2542 2052 2582 qui
2077 2542 2222 2574 debebat
2235 2542 2417 2575 Frederico

817 2594 857 2625 de
874 2594 1082 2634 Borgarellis
1106 2595 1147 2625 de
1161 2595 1296 2633 Parma,
1313 2604 1386 2626 can.
1403 2596 1672 2632 Autisiodoren„
1689 2598 1749 2628 355
1767 2595 1828 2628 lib.
1846 2597 1867 2627 4
1883 2595 1947 2628 sol.
1967 2597 2001 2628 et
2012 2598 2028 2626 1
2044 2596 2121 2628 den.
2137 2597 2219 2634 tur„
2239 2596 2417 2629 residuum

817 2656 959 2679 summae
973 2649 1033 2679 500
1047 2647 1106 2678 lib.
1125 2649 1163 2679 19
1185 2649 1248 2679 sol.
1265 2650 1297 2680 et
1311 2650 1331 2680 2
1349 2649 1426 2681 den.
1441 2651 1508 2681 tur.
1519 2658 1631 2690 quam
1646 2649 1693 2681 id.
1709 2650 1933 2681 Anselminus
1946 2651 2108 2689 tanquam
2119 2651 2318 2689 procurator
2333 2649 2417 2682 dicti

751 2725 754 2728 .
816 2701 989 2732 Frederici
1005 2701 1123 2732 habuit
1145 2701 1186 2732 de
1209 2701 1378 2734 fructibus
1399 2703 1503 2743 praeb.
1526 2703 1782 2735 Autisiodoren.
1798 2704 1832 2735 et
1847 2699 1929 2735 eccl.
1948 2703 1990 2735 de
2003 2703 2207 2743 Creenceyo,
2225 2703 2415 2743 Lingonen.

816 2754 875 2789 di„
890 2755 923 2786 et
939 2754 1042 2786 etiam
1055 2763 1074 2785 a
1089 2754 1295 2794 quibusdam
1317 2755 1531 2788 debitoribus
1546 2757 1658 2796 ipsius
1673 2756 1846 2788 Frederici
1861 2767 1870 2787 z
1889 2757 2013 2788 Actum
2029 2756 2201 2788 Avenione
2217 2756 2253 2787 in
2265 2755 2416 2796 hospiti0

814 2807 1036 2839 habitationis
1056 2807 1187 2847 praefati
1203 2808 1381 2840 auditoris.
1403 2808 1506 2850 (Θήρ.
1519 2819 1622 2850 Ρεν9.,
1641 2819 1673 2842 n.
1699 2811 1763 2850 ¹4.)

860 2858 971 2890 8376.
990 2879 1028 2884 -
1041 2861 1245 2900 Computum
1269 2870 1497 2901 expensarum
1521 2866 1554 2894 et
1576 2863 1786 2894 solutionum
1812 2863 1979 2894 factarum
1994 2864 2064 2894 tam
2081 2863 2211 2894 ratione
2233 2862 2414 2894 divisionis

847 2978 871 3002 1.
891 2976 1065 3002 L'indiction
1083 2976 1262 3002 mentionnee
1277 2979 1321 3002 est
1334 2977 1496 3003 l'indiction
1509 2985 1643 3010 grecque.
