2592 3562
375 345 431 376 192

408 433 510 460 Datum
530 427 712 461 Avenione.

451 640 488 669 18
502 640 570 675 jun.
590 640 677 668 1318.

453 686 517 721 (xiv
531 685 590 713 kal.
607 684 674 721 jul.)

499 730 529 757 Τ.
544 729 624 757 XXV.

470 801 507 829 Ut
521 809 544 828 s.
561 815 594 820 -
608 801 653 827 Gr.

526 1172 563 1199 Ut‘
578 1179 601 1198 s.

475 1216 505 1243 T.
520 1216 566 1249 XI,
582 1215 653 1242 XIII.

530 1490 566 1518 Ut
581 1498 606 1517 s.

489 1535 518 1562 T.
539 1535 581 1569 x3
599 1535 643 1562 Gr.

536 2607 571 2634 Ut
589 2615 612 2633 s.

482 2652 512 2678 T.
534 2651 580 2682 XI,
600 2650 671 2677 XIII.

537 2818 572 2845 Ut
590 2827 613 2845 s.

524 2863 556 2889 Τ.
570 2863 628 2889 XV.

765 341 938 373 JOANNIS
962 341 1079 372 PAPAE
1102 340 1203 371 XXII.
1228 339 1476 380 (ww-1334).
1500 354 1539 361 —
1561 335 1747 367 LITTERAE
1770 333 1995 365 COMMUNES

804 532 829 563 Ι.
848 541 876 563 e.
895 541 939 563 m.
957 530 1033 562 abb.
1052 531 1195 562 monast.
1214 527 1463 568 Aquisciuten.,
1486 525 1681 557 Atrebaten.
1697 524 1757 562 di.,
1774 525 1807 555 et
1823 524 1949 555 decano
1966 532 1994 555 s·
2013 523 2105 555 Petri
2121 523 2162 555 de
2175 523 2306 561 Insula.
2323 524 2405 555 Tor-

806 594 920 616 nacen.
938 584 997 620 di.,
1014 592 1051 615 ac
1065 581 1253 614 succentori
1270 581 1425 620 BaJocen.
1441 579 1521 610 eccl.
1540 578 1593 618 (A.
1610 579 1640 615 9,
1659 577 1680 608 f.
1698 578 1756 608 278
1771 582 1800 614 ³3
1823 576 1858 608 V.
1875 578 1928 613 68,
1947 585 2000 616 ep.
2021 575 2125 616 1310.)

851 635 956 666 7512.
976 654 1014 659 -
1030 635 1167 676 l’aplzen.
1187 638 1215 665 et
1230 633 1449 673 Famaqusean.
1466 631 1543 672 ep.is
1562 630 1664 662 facul.
1683 639 1775 661 conc.
1792 630 1938 661 faciendi
1957 630 1991 661 in
2009 638 2042 660 1v
2055 629 2308 661 cathedralibus
2323 630 2404 661 eccl.

807 690 913 731 Regni
927 689 1031 729 Cypri
1049 689 1082 719 in
1097 687 1243 727 singulis
1259 685 1416 716 videlicet
1433 684 1585 724 singulas
1600 692 1702 722 pers„
1716 692 1802 723 quas
1816 683 1986 714 Hem-icus
1998 691 2058 714 rex
2072 682 2406 723 eligendasduxerit,

807 744 840 774 in
858 752 929 774 can.
951 742 1065 781 recipi.
1085 741 1138 781 (A.
1154 742 1185 776 9,
1202 739 1223 770 s.
1243 741 1302 770 249
1316 738 1345 775 ¹³3
1370 737 1402 767 V.
1415 738 1465 772 68,
1482 746 1533 776 ep.
1552 738 1656 774 1323.)

853 793 962 824 7543.
982 812 1019 817 —-
1038 793 1121 834 May.
1147 791 1330 832 Raymundo
1348 791 1485 827 Juvenis,
1505 799 1665 820 causarum
1687 789 1780 819 curiae
1802 798 1927 819 camerae
1944 787 2121 830 apostolicae
2142 788 2293 827 auditori,
2317 788 2406 820 cons.

807 851 897 880 motu
915 847 1051 888 proprIO
1074 846 1252 877 scolastria
1275 844 1355 875 eccl.
1383 843 1647 883 Petragoricen„
1674 851 1734 882 per
1757 842 1996 874 dimissionem
2019 851 2039 873 a
2062 850 2150 883 mag.
2173 841 2274 874 Petro
2291 842 2406 880 Fabri,

806 902 873 933 ΡΡ.
899 903 979 937 not„
1005 901 1037 931 in
1058 899 1165 938 ejusd.
1184 898 1251 929 ΡΡ.
1270 897 1428 929 manibus
1447 896 1570 927 saetam
1588 905 1678 931 vac.;
1696 904 1761 926 non
1778 895 1866 928 obst.
1889 896 1979 935 quod
1998 895 2032 927 in
2050 895 2139 927 dicta
2156 895 2407 936 petragoricen.

807 955 886 986 eccl.
911 962 1027 984 canon.
1047 954 1079 983 et
1094 951 1209 992 praeb„
1229 960 1266 982 ac
1282 951 1470 990 prioratum
1489 949 1529 980 de
1545 949 1734 984 Theminis,
1751 958 1778 979 s.
1796 958 1838 986 c.,
1859 948 2036 981 Caturcen.
2055 949 2116 984 di.,
2134 947 2298 984 obtineat,
2321 950 2355 981 et
2373 949 2409 980 in

807 1007 879 1038 ead.
908 1005 1157 1045 Petragoricen.
1182 1004 1263 1036 eccl.
1288 1003 1392 1043 dign.‚
1414 1011 1474 1034 seu
1499 1003 1729 1041 personatum,
1754 1001 1806 1033 vel
1832 1002 1887 1033 off.
1907 1011 1934 1033 c.
1962 1011 1989 1033 c.
2014 1002 2067 1033 vel
2089 1010 2117 1033 s.
2138 1011 2166 1033 e.
2186 1002 2354 1042 expectet.
2369 1019 2408 1025 —

807 1061 831 1091 I.
851 1069 880 1091 e.
898 1069 942 1090 m.
964 1058 1178 1090 Lemovicen.
1197 1058 1229 1089 et
1254 1057 1431 1089 Caturcen.
1461 1056 1559 1095 epis,
1589 1064 1627 1087 ac
1653 1054 1778 1086 archid.
1807 1055 1986 1087 Caturcen.
2005 1055 2058 1094 (A.
2074 1056 2106 1091 9,
2130 1055 2153 1087 f.
2174 1056 2232 1087 391
2252 1054 2283 1093 ¹’3
2304 1054 2341 1086 V.
2357 1055 2409 1092 68,

808 1122 859 1153 ep.
878 1112 982 1151 1446.)
1296 1117 1299 1119 ·

854 1162 963 1194 7544.
979 1181 1015 1187 -
1035 1163 1207 1194 Berlrando
1232 1163 1363 1203 Auyerii
1384 1162 1420 1193 de
1443 1162 1540 1192 Ponte
1557 1161 1675 1203 Soryiae
1692 1162 1804 1193 collat.
1831 1170 1949 1193 canon.
1981 1163 2014 1193 et
2033 1161 2136 1202 praeb.
2160 1161 2241 1193 eccl.
2262 1161 2408 1202 Aquen„

808 1228 892 1259 quos
909 1227 996 1258 mag.
1015 1217 1199 1249 Gausridus
1213 1216 1359 1252 Isnardi,
1378 1215 1604 1247 assecutionis
1621 1224 1723 1246 causa
1741 1215 1888 1246 aliorum
1904 1223 2023 1247 canon.
2043 1216 2076 1247 et
2094 1214 2212 1255 praeb.,
2230 1223 2269 1246 ac
2283 1222 2413 1255 praepo-

809 1273 924 1303 siturae
943 1272 1050 1311 ejusd.
1068 1271 1147 1302 eccl.
1167 1270 1316 1308 dimisit3
1336 1279 1403 1301 non
1421 1269 1508 1301 obst.
1528 1269 1617 1309 quod
1638 1269 1672 1300 in
1689 1269 1768 1300 eccl.
1788 1268 1984 1301 Sistaricen.
2003 1277 2135 1305 canon„
2153 1268 2256 1309 praeb.
2275 1277 2314 1300 ac
2327 1277 2413 1309 prae·

809 1326 1009 1366 posituram,
1027 1326 1058 1355 et
1077 1324 1226 1355 ruralem
1240 1324 1320 1355 eccl.
1339 1333 1366 1354 s.
1383 1322 1531 1360 Gemini,
1550 1323 1827 1362 Carpentoraten.
1845 1322 1905 1359 di.,
1924 1322 2086 1354 obtineat.
2101 1339 2138 1345 —-
2154 1322 2182 1354 Ι.
2199 1330 2228 1354 e.
2245 1330 2291 1353 m.
2305 1330 2409 1362 praep.

809 1379 1036 1415 Ebredunen.,
1055 1379 1087 1409 et
1109 1377 1235 1409 archid.
1260 1377 1457 1414 Vasionen„
1482 1385 1518 1407 ac
1545 1377 1697 1408 sacristoe
1719 1376 1997 1416 Carpentoraten.
2025 1376 2106 1407 eccl.
2125 1375 2180 1415 (A.
2207 1377 2239 1411 9,
2258 1375 2280 1407 f.
2302 1375 2359 1407 401
2379 1380 2412 1413 ·;

815 1432 850 1463 V.
865 1433 915 1468 68,
935 1441 986 1471 ep.
1009 1430 1114 1470 1163.)

856 1482 966 1513 7545.
984 1503 1021 1507 -
1038 1483 1171 1515 Archid.
1197 1483 1444 1524 Montz'spensati,
1464 1492 1499 1513 ac
1522 1482 1681 1514 Galhardo
1705 1482 1836 1518 Iuliani,
1864 1482 2044 1520 Caturccn.,
2061 1489 2088 1513 et
2111 1482 2276 1514 Ramberto
2299 1481 2411 1521 David,

810 1539 999 1569 Xanclonen.
1021 1548 1088 1568 can.
1108 1536 1180 1568 eccl.
1198 1537 1287 1569 Olim
1315 1536 1347 1567 b.
1375 1545 1419 1568 ni.
1438 1536 1663 1576 Raymundus
1689 1536 1875 1573 Pauchelli,
1895 1536 2125 1576 praedecessor
2145 1535 2323 1568 Guillelmi
2344 1535 2413 1576 epi

811 1592 1002 1627 Caturcen.,
1020 1591 1177 1630 supplic„
1191 1590 1295 1630 jussit
1311 1590 1434 1621 Joanni
1451 1590 1641 1627 Cadeneda,
1667 1589 1793 1621 archid.
1818 1590 1858 1621 de
1879 1589 2044 1632 Tornesio
2060 1590 2096 1621 in
2115 1589 2196 1621 eccl.
2220 1589 2412 1627 Caturcen.‚

811 1647 847 1676 ut
863 1645 1066 1684 Raymundo
1089 1644 1129 1675 de
1146 1644 1306 1679 Calciata,
1329 1644 1394 1674 civi
1412 1643 1604 1681 Caturcen„
1626 1643 1803 1675 occasione
1821 1643 1953 1684 quusd.
1973 1642 2234 1683 compositionis
2250 1643 2340 1674 inter
2354 1651 2414 1674 eos

811 1698 942 1734 habitae,
970 1698 1009 1728 de
1036 1697 1223 1729 redditibus
1247 1697 1368 1728 annuis
1398 1697 1615 1736 episcopatus
1645 1697 1837 1734 Caturcen.,
1865 1697 1901 1727 in
1922 1696 2026 1728 certis
2050 1696 2301 1728 sufficientibus
2328 1695 2414 1728 locis

812 1752 1027 1791 episcopatus
1053 1751 1174 1790 ejusd,
1190 1750 1304 1782 60111).
1327 1752 1393 1781 tur.
1410 1750 1451 1781 ad
1468 1750 1572 1781 vitam
1589 1750 1699 1790 ipsius
1722 1751 1807 1781 civis
1825 1750 2000 1790 assignare
2023 1751 2167 1782 curaret.
2191 1749 2414 1782 Postmodum

812 1814 890 1836 vero
919 1805 1058 1839 archid„
1084 1804 1279 1844 hujusmodi
1306 1804 1453 1835 mandati
1481 1805 1659 1843 praetextu,
1681 1804 1831 1835 castrum
1855 1803 1896 1835 de
1921 1803 2160 1835 Castrofranco
2187 1803 2312 1843 pertin.
2337 1811 2415 1835 cum

813 1859 1006 1889 omnimoda
1030 1858 1266 1898 jurisdictione
1288 1858 1329 1888 ad
1349 1857 1472 1888 dictam
1498 1857 1578 1888 eccl.
1604 1857 1795 1893 Caturcen.,
1821 1857 1868 1888 ita
1895 1860 2007 1888 tamen
2033 1857 2123 1897 quod
2141 1866 2183 1889 ex
2208 1856 2283 1889 eod.
2303 1858 2415 1888 castro

813 1912 971 1951 praefatus
987 1911 1071 1942 civis
1088 1911 1216 1942 ratione
1236 1920 1340 1951 poenae
1359 1911 1447 1942 ultra
1470 1912 1509 1942 60
1527 1911 1591 1942 sol.
1614 1912 1682 1942 tur.
1701 1911 1868 1942 inclusive
1888 1910 2024 1951 exigere
2039 1919 2107 1942 non
2124 1910 2264 1948 valeret,
2284 1918 2414 1942 necnon

813 1968 844 1996 et
856 1965 1006 2004 quaedam
1018 1965 1164 1995 alialoca
1172 1964 1213 1995 ab
1227 1965 1299 1995 eod.
1312 1966 1421 1995 castro
1436 1964 1661 2003 dependentia
1670 1973 1746 1994 cum
1757 1963 1916 1995 omnihus
1928 1963 2145 2004 suisjuribus
2154 1965 2187 1995 et
2195 1963 2415 2003 pertinentiis

813 2019 878 2048 eid.
894 2018 1095 2057 Raymuudo
1110 2018 1262 2054 tradidit,
1278 2020 1310 2048 et
1325 2018 1427 2048 etiam
1440 2017 1639 2057 assignavit.
1657 2018 1784 2049 Verum
1793 2017 1874 2057 quia
1886 2026 1928 2048 ex
1941 2026 1980 2048 eo
1992 2017 2083 2057 quod
2094 2016 2289 2057 jurisdictio
2302 2016 2413 2057 ejusd.

813 2072 926 2108 castri,
946 2061 1080 2110 propter
1093 2071 1326 2110 impotentiam
1341 2072 1372 2102 et
1390 2071 1556 2101 incuriam
1573 2070 1657 2101 civis
1675 2070 1797 2110 ejusd„
1811 2079 1870 2110 per
1882 2071 2049 2110 quosdam
2062 2070 2198 2102 nobiles
2213 2071 2247 2101 et
2260 2071 2415 2110 potentes

814 2125 1022 2164 propinquos
1035 2125 1141 2164 ejusd.
1160 2124 1274 2161 castri,
1292 2125 1326 2155 in
1337 2124 1443 2164 ejusd.
1461 2124 1640 2155 Caturcen.
1655 2124 1735 2155 eccl.
1752 2124 1926 2155 laesionem
1937 2125 2131 2163 occupatur,
2146 2131 2352 2163 quamquam
2367 2123 2412 2168 id.

814 2178 898 2208 civis
916 2177 1017 2208 suerit
1030 2178 1159 2218 plurIes
1177 2178 1364 2217 requisitus
1376 2177 1692 2217 utjurisdictionem
1713 2178 1820 2208 eamd.
1834 2177 2041 2213 defenderet,
2054 2177 2108 2208 vel
2125 2177 2284 2208 dictassso
2300 2175 2360 2208 lib.
2374 2176 2415 2208 de

815 2231 936 2261 annuis
948 2231 1135 2262 redditibus
1152 2231 1258 2270 ejusd.
1277 2231 1455 2262 Caturcen.
1472 2229 1560 2262 eccl.v
1571 2230 1638 2261 sibi
1654 2231 1688 2261 in
1706 2230 1784 2262 aliis
1794 2230 1879 2262 locis
1891 2230 2083 2262 accomodis
2099 2230 2316 2271 assignandis
2333 2229 2415 2261 reci·
2476 2255 2478 2257 .

815 2286 907 2323 peret
919 2287 949 2315 et
965 2284 1113 2321 haberet,
1130 2285 1162 2315 et
1176 2285 1324 2315 castrum
1345 2284 1499 2315 redderet
1518 2284 1598 2316 eccl.
1612 2286 1819 2321 memoratae,
1833 2284 1866 2315 id
1878 2285 1992 2315 tamen
2007 2284 2116 2315 facere
2131 2283 2268 2323 penitus
2284 2291 2418 2314 recusa-

815 2337 872 2368 vit.
890 2337 999 2373 Quare
1015 2337 1175 2376 praesatus
1205 2346 1301 2376 epus
1317 2338 1381 2368 ΡΡ.
1410 2337 1615 2377 supplicavit
1637 2339 1674 2368 ut
1691 2328 1793 2377 super
1807 2337 1870 2368 hoc
1890 2337 1963 2377 ipse
1990 2337 2180 2377 provideat.
2201 2337 2269 2368 ΡΡ.
2300 2337 2416 2376 itaque

816 2391 952 2421 mandat
962 2391 1165 2429 supradictis
1182 2390 1307 2421 archid.
1325 2391 1357 2421 et
1370 2400 1443 2421 can.
1458 2391 1616 2422 uteumd.
1635 2391 1744 2422 civem
1765 2391 1868 2422 citare
1883 2392 2001 2422 curent
2015 2392 2053 2421 ut
2065 2390 2155 2422 infra
2172 2390 2302 2421 mensis
2315 2389 2417 2420 unius

816 2445 963 2483 spatium
978 2444 1170 2483 conspectui
1188 2446 1294 2483 apost.
1316 2452 1352 2474 se
1380 2446 1612 2483 repraesentet,
1638 2445 1836 2484 recepturus
1861 2452 1964 2484 super
1987 2443 2176 2483 praemissis
2201 2442 2416 2474 amicabilem

816 2496 1093 2536 compositionem
1121 2497 1174 2527 vel
1190 2497 1335 2527 debitam
1361 2497 1713 2536 recompensationem
1734 2506 1795 2537 pro
1814 2499 1925 2528 castro
1941 2497 2111 2537 praedicto.
2130 2497 2181 2536 (A.
2205 2498 2236 2534 9,
2261 2496 2284 2527 f.
2310 2497 2370 2527 448
2386 2495 2417 2533 ὓς

823 2550 857 2581 V.
880 2551 931 2586 68,
946 2559 997 2589 ep.
1019 2551 1120 2588 1615.)
2413 2588 2416 2591 η

862 2600 970 2632 7546.
1009 2621 1049 2625 —-
1086 2603 1203 2634 Gratia
1240 2612 1335 2643 exsp.
1373 2604 1683 2642 praestimoniorum
1717 2604 1796 2635 eccl.
1830 2604 2012 2642 Palentin.‚
2048 2603 2177 2634 consid.
2205 2602 2419 2643 -Napoleonis

817 2665 844 2688 s,
861 2656 1001 2688 Adriani
1017 2657 1102 2687 diac.
1129 2657 1230 2691 card,
1248 2656 1348 2686 Paulo
1363 2656 1534 2688 de'Gualdo
1551 2666 1637 2697 mag.
1664 2658 1698 2688 ln
1714 2657 1846 2688 artibus
1866 2659 1899 2688 et
1925 2657 2075 2688 scientiae
2097 2656 2286 2694 medicinae,
2309 2655 2416 2696 ejusd.

817 2710 897 2741 eccl.
913 2718 985 2740 can.
1002 2710 1035 2740 et
1056 2709 1137 2740 dicti
1151 2710 1240 2740 card.
1257 2718 1327 2749 cap.
1348 2711 1380 2741 et
1394 2710 1500 2741 famil.
1518 2729 1555 2733 —
1574 2711 1599 2741 Ι.
1618 2720 1645 2742 e.
1662 2719 1706 2742 m.
1727 2711 1854 2742 decano
1869 2710 2073 2747 Corduben,
2091 2711 2124 2741 et
2143 2709 2270 2741 archid.
2288 2709 2328 2740 de
2343 2709 2419 2741 Tri·

817 2763 933 2800 ninno,
951 2771 988 2794 ac
1004 2771 1090 2802 mag.
1107 2762 1270 2794 Riccardo
1284 2763 1324 2793 de
1337 2763 1464 2800 Murro,
1479 2773 1550 2794 can.
1564 2764 1711 2804 Burgen.
1729 2764 1808 2795 eccl.
1827 2763 1881 2802 (A.
1901 2765 1949 2798 10,
1966 2763 1989 2794 f.
2008 2764 2065 2795 155
2078 2768 2107 2800 ²;
2127 2763 2163 2794 V.
2177 2764 2227 2800 68,
2245 2771 2297 2802 ep.
2314 2763 2417 2802 1937.)

864 2813 974 2844 7547.
992 2834 1030 2838 -
1046 2815 1212 2856 Archiep.o
1231 2815 1443 2853 cantuarien„
1455 2821 1482 2846 ec
1495 2817 1564 2847 abb.
1582 2822 1711 2848 monast.
1732 2817 1769 2847 de
1793 2816 2008 2854 Wescderluam,
2027 2826 2061 2846 ac
2076 2816 2182 2857 priori
2197 2815 2235 2846 de
2254 2815 2417 2853 Wescatre,

817 2869 988 2900 Norwicen.
1007 2868 1062 2906 di.,
1080 2869 1191 2900 mand.
1207 2870 1243 2900 ut
1257 2869 1380 2900 Joanni
1397 2870 1436 2900 de
1450 2870 1539 2908 Elvi,
1556 2871 1636 2902 cler.
1652 2871 1761 2902 Elien.
1777 2870 1836 2906 di.,
1850 2870 1984 2910 paroch.
2003 2870 2084 2901 eccl.
2099 2870 2140 2900 de
2156 2869 2328 2906 Peikirke‚
2343 2869 2419 2900 Lin-

818 2923 961 2953 colnien.
980 2922 1038 2959 di.,
1057 2922 1243 2959 conferant,
1263 2923 1315 2962 (16
1334 2922 1392 2953 lib.
1417 2924 1454 2953 13
1483 2924 1545 2954 sol.
1569 2926 1601 2954 et
1622 2925 1640 2954 4
1667 2924 1742 2955 den.
1767 2923 1875 2962 sterl.)
1902 2932 1962 2964 per
1982 2919 2143 2963 resignat.
2167 2931 2187 2953 a.
2210 2922 2359 2954 Roberto
2377 2922 2419 2953 de

819 2976 1009 3007 Croulonde
1023 2975 1121 3015 juxta
1139 2976 1273 3007 constit.
1302 2984 1403 3015 super
1429 2976 1689 3015 plu1·al.›benef.
1721 2978 1843 3008 factam
1871 2986 1940 3008 vac.
1963 2977 2015 3016 (A.
2044 2977 2092 3014 10,
2117 2976 2140 3008 f.
2162 2977 2223 3006 222
2247 2975 2279 3013 ¹³;
2309 2975 2341 3005 V.
2365 2976 2416 3013 68,

819 3038 870 3069 ep.
888 3029 997 3068 2015.)
