2592 3562
265 393 370 420 Datum
385 387 567 422 Avenione.

299 707 341 735 25
356 714 422 741 augy.
441 705 530 733 1319.

290 754 358 787 (vm
377 750 436 778 kal.
452 750 540 785 sept.)

374 813 410 841 Ut
430 821 453 840 s.

375 974 411 1001 Ut
429 982 453 1001 s.

374 1240 411 1288 ut
431 1248 455 1268 s.

373 1507 410 1535 Ut
425 1515 448 1534 s.

372 1613 409 1641 Ut
424 1621 448 1640 s.

374 1827 410 1855 Ut
427 1835 450 1854 s.

376 2041 411 2068 Ut
427 2049 451 2068 s.

373 2147 410 2175 Ut
427 2156 450 2175 s.

370 2307 407 2336 Ut
427 2315 452 2335 s.

374 2573 408 2600 Ut
422 2581 445 2600 s.

302 2784 343 2812 26
357 2793 424 2820 aua.
441 2785 529 2814 1319.

299 2829 355 2865 (vn
368 2829 426 2857 kal.
442 2831 528 2865 sept.)

639 301 813 332 JOANNIS
836 300 954 331 PAPAE
976 300 1078 338 XXss.
1102 301 1350 339 (1316-1334).
1375 318 1414 324 —
1435 301 1621 331 LITTERAE
1645 302 1696 332 DE
1718 302 1838 333 CURIA
2198 308 2258 338 453

659 490 765 526 zolini,
784 491 857 522 mil.
876 491 1073 527 Auximan.,
1094 500 1110 520 «
1131 491 1290 530 spiritum
1305 490 1441 521 consilii
1458 491 1605 521 sanioris
1622 499 1649 527 »‚
1673 492 1784 521 mand.
1802 494 1839 522 ut
1859 493 1900 523 ad
1918 493 2145 525 obedientiam
2160 495 2194 526 S.
2215 496 2255 526 A.

659 545 810 581 redeant,
825 544 917 574 civit.
939 544 1123 575 Auximan.
1141 545 1173 574 et
1185 545 1297 574 castra
1308 544 1491 574 restituant
1508 543 1572 574 sub
1588 552 1718 574 excom.
1738 546 1770 574 et
1785 545 1955 576 interdicti
1969 548 2148 578 sententiis
2159 549 2256 579 Ame-

658 597 705 628 lio
721 598 842 628 rectori
853 597 1010 628 Marchiae
1026 597 1242 633 Anconitan.,
1257 597 1311 627 cui
1326 597 1488 627 scribitur
1501 599 1537 627 ut
1547 597 1608 627 has
1621 597 1753 627 litteras
1767 597 1817 628 eis
1831 599 2006 636 pervenire
2022 602 2125 631 curet.
2140 602 2192 640 (A.
2206 603 2255 638 11,

657 652 680 681 f.
699 652 758 682 553
774 656 802 687 ³3
827 650 862 680 V.
881 652 932 685 69,
953 659 1004 690 ep.
1025 651 1083 682 170
1098 650 1134 680 de
1149 651 1228 688 cur.)

705 701 838 732 10225.
852 721 890 726 -
902 703 1020 734 Amelio
1032 703 1180 743 praedicto
1192 712 1283 734 conc.
1299 705 1450 742 potestas
1463 703 1599 742 petendi
1613 703 1655 734 ab
1666 703 1825 734 omnibus
1837 703 1926 734 infra
1941 706 2151 743 provinciam
2162 707 2258 738 dictae

658 757 814 788 Marcbiae
831 757 1025 788 constitutis
1042 753 1342 788 auxilium'contra
1361 756 1521 787 rebelles.
1540 757 1591 794 (A.
1612 758 1662 793 11,
1680 756 1703 786 f.
1725 758 1784 788 555
1800 762 1828 793 ἃς
1853 757 1889 788 V.
1906 759 1957 792 69,
1980 766 2032 796 ep.
2052 760 2107 789 171
2127 759 2163 789 <Ie
2179 760 2259 799 cur.)

704 808 837 839 10226.
862 827 900 832 ——
923 810 1030 840 Eidem
1050 819 1141 841 conc.
1162 811 1313 849 potestas
1340 810 1567 848 compellendi
1592 810 1671 840 illos
1696 811 1754 849 qui
1777 810 2019 849 promiserunt,
2045 812 2104 841 sed
2128 812 2259 843 solvere

658 857 828 903 denegant'
840 864 1031 894 subsidium
1047 872 1107 903 pro
1124 862 1306 902 stipendiis
1323 863 1475 902 equitum
1494 865 1527 893 et
1544 863 1697 901 peditum
1712 865 1828 894 contra
1845 864 1883 894 Ε.
1902 864 1942 895 R.
1959 863 2105 895 rebelles
2124 873 2258 904 congre-

657 918 856 957 gandorum.
872 917 923 957 (A.
944 919 991 953 11,
1011 917 1032 947 f.
1052 918 1111 948 555
1129 916 1158 953 b;
1181 916 1216 947 V.
1232 917 1283 953 69,
1301 925 1352 955 ep.
1374 917 1432 946 172
1447 915 1483 946 de
1502 917 1582 954 cur.)

704 967 838 999 10227.
859 989 898 993 —
922 970 1085 1010 Aymerico
1111 971 1146 999 de
1171 968 1313 1009 Creqollo
1337 969 1484 999 Marchiae
1499 969 1693 999 Ariconium.
1718 969 1851 999 thesaur.
1871 970 1984 1001 mand.
2008 971 2045 1001 ut
2059 971 2259 1010 pecuniame

657 1024 799 1055 decimis
815 1033 875 1064 pro
897 1023 1051 1054 subsidio
1068 1024 1182 1055 Terrae
1200 1023 1330 1054 Sanctae
1355 1022 1391 1052 in
1408 1022 1558 1054 Marchia
1583 1023 1799 1060 Anconitan.‚
1822 1023 1915 1054 civit.
1935 1025 1967 1054 et
1987 1023 2033 1054 di.
2054 1024 2210 1055 Perusin.
2227 1026 2260 1056 et

657 1077 780 1108 ducatu
796 1077 966 1116 Spoletan.
983 1077 1167 1116 impositis,
1182 1076 1292 1116 ipsius
1306 1075 1464 1107 Marchiae
1480 1076 1603 1107 rectori
1618 1077 1818 1113 mutuatam,
1836 1085 1896 1116 pro
1912 1077 2092 1116 stipendiis
2108 1077 2260 1117 equitum

657 1132 690 1162 et
708 1130 855 1161 aliorum
873 1130 931 1170 qui
947 1132 1064 1161 contra
1081 1129 1226 1161 rebelles
1245 1129 1351 1168 ejusd.
1371 1129 1528 1160 Marchiae
1546 1130 1713 1169 assumpti
1731 1129 1878 1165 fuerunt,
1896 1130 2073 1161 dumtaxat
2092 1132 2124 1162 et
2141 1139 2209 1162 non
2224 1131 2260 1162 in

657 1183 744 1215 alios
759 1192 843 1214 usus
856 1185 1051 1214 convertere
1067 1184 1286 1222 praesumant.
1304 1182 1356 1221 (A.
1372 1183 1422 1220 11,
1440 1182 1464 1213 f.
1478 1184 1534 1214 501
1552 1182 1565 1203 ¹³
1576 1183 1609 1213 et
1623 1184 1683 1214 555
1698 1182 1730 1219 ὓς
1748 1182 1781 1213 V.
1796 1184 1847 1220 69,
1867 1191 1919 1222 ep.
1938 1184 1997 1214 174
2012 1185 2045 1215 et
2059 1186 2117 1215 195
2132 1183 2169 1215 de
2180 1184 2261 1223 cur.)

701 1237 712 1248 “
733 1233 866 1265 10228.
885 1254 923 1259 -
943 1236 983 1266 Ν.
1003 1246 1030 1267 v.
1050 1235 1225 1272 Frederico,
1243 1234 1376 1267 Guidoni
1393 1240 1420 1265 et
1434 1235 1612 1276 Sperantiae
1628 1236 1788 1266 comitibus
1804 1236 1839 1267 de
1855 1236 2072 1276 Monteferetro
2088 1241 2117 1267 et
2131 1237 2259 1268 consilio

657 1299 692 1320 ac
706 1283 857 1320 communi
877 1289 1114 1321 Urbinaten.E.
1130 1288 1165 1319 R.
1182 1289 1337 1330 subjectis,
1354 1298 1369 1319 «
1385 1288 1545 1328 spiritum
1560 1289 1695 1320 consilii
1709 1289 1856 1320 sanioris
1873 1299 1900 1327 υ,
1915 1290 2039 1321 mand.‘
2050 1290 2113 1321 suh
2129 1299 2258 1322 excom.

657 1344 690 1374 et
712 1343 883 1374 interdicti
907 1343 1088 1374 sententiis
1113 1344 1150 1374 ut
1173 1342 1266 1374 civit.
1291 1341 1415 1374 Urbini
1434 1343 1466 1373 et
1492 1344 1603 1373 castra
1629 1342 1812 1373 comitatus
1838 1343 1962 1382 quond.
1988 1344 2099 1383 ipsius
2123 1344 2258 1375 Amelio

655 1396 813 1427 Marchiae
830 1390 1033 1427 Anconitan.
1053 1396 1176 1427 rectori
1197 1396 1390 1433 restituant,
1407 1397 1439 1426 et
1458 1395 1605 1426 citantur
1620 1397 1655 1426 ut
1671 1396 1712 1426 ad
1727 1396 1767 1426 A.
1785 1396 1818 1427 S.
1838 1405 1873 1427 se
1890 1396 2080 1433 conferant;
2097 1397 2259 1429 scribitur

656 1449 745 1480 dicto
765 1449 886 1481 rectori
902 1451 940 1480 ut
953 1449 1014 1480 has
1033 1449 1166 1481 litteras
1182 1448 1343 1489 publicet.
1361 1448 1414 1488 (Α.
1435 1451 1484 1485 11,
1499 1448 1522 1479 f.
1542 1450 1601 1480 548
1617 1454 1648 1485 ³3
1671 1448 1706 1479 V.
1722 1451 1773 1485 69,
1790 1458 1843 1488 ep.
1864 1450 1920 1481 185
1935 1449 1970 1480 de
1988 1450 2068 1488 cur.)

702 1500 837 1531 10229.
855 1520 894 1525 -
913 1503 1036 1535 Salvus
1055 1511 1196 1533 securus
1214 1502 1400 1533 conductus
1415 1510 1475 1541 pro
1492 1501 1680 1533 rebellibus
1693 1503 1786 1533 civit.
1803 1503 2009 1534 Racanaten.
2028 1504 2061 1534 et
2074 1503 2257 1534 Auximan.

656 1564 742 1596 quos
757 1556 822 1588 ΡΡ.
840 1556 881 1587 ad
897 1556 930 1587 S.
949 1556 991 1587 A.
1008 1556 1136 1587 citavit.
1153 1555 1206 1596 (A.
1225 1557 1274 1593 11,
1292 1555 1316 1586 f.
1331 1556 1388 1587 551
1407 1560 1436 1592 ⁸3
1458 1555 1493 1586 V.
1512 1557 1564 1592 69,
1581 1563 1633 1595 ep.
1652 1556 1711 1586 186
1723 1555 1760 1585 de
1778 1557 1857 1594 cur.)

702 1607 837 1638 10230.
856 1628 895 1633 -
913 1609 1035 1641 Salvus
1051 1617 1192 1640 securus
1210 1609 1395 1640 conductus
1412 1617 1474 1648 pro
1491 1608 1641 1639 Burdono
1660 1614 1690 1639 et
1709 1608 1843 1639 Galiotto
1867 1609 1903 1639 de
1930 1608 2073 1640 Smirillo
2093 1610 2257 1650 fratribus,

657 1663 745 1693 laicis
758 1663 897 1693 Firman.
910 1662 966 1699 di„
980 1667 1008 1693 et
1019 1662 1095 1693 Lino
1109 1661 1267 1694 Guillelmi
1279 1661 1315 1692 dc
1329 1662 1430 1693 Massa
1443 1671 1478 1692 ac
1491 1662 1519 1692 T
1516 1661 1715 1693 heobalducio
1725 1662 1913 1693 Banalducii
1928 1663 1964 1693 de
1982 1663 2144 1704 Camporo,
2158 1663 2257 1703 ejusd.

657 1716 713 1753 di„
735 1716 793 1756 qui
810 1716 962 1747 citationi
985 1717 1094 1755 apost.
1115 1715 1303 1747 illudebant
1319 1715 1383 1746 suh
1401 1717 1569 1756 praetextu
1585 1716 1675 1755 quod
1695 1724 1854 1747 accessus
1874 1716 1915 1746 ad
1933 1716 1965 1747 S.
1984 1717 2024 1747 A.
2041 1725 2107 1748 non
2122 1718 2194 1748 erat
2211 1718 2260 1748 tu-

656 1772 723 1802 tus.
741 1770 792 1810 (A.
811 1772 860 1807 11,
876 1770 899 1800 f.
916 1771 974 1801 551
992 1769 1021 1806 1);
1044 1769 1080 1800 V.
1097 1771 1148 1807 69,
1168 1778 1219 1809 ep.
1240 1770 1298 1800 187
1316 1769 1351 1799 de
1366 1770 1444 1807 cur.)

702 1821 836 1852 10231.
857 1841 894 1846 -
909 1823 1041 1854 Similis
1061 1823 1176 1853 salvus
1195 1823 1381 1854 conductus
1404 1823 1502 1854 datur
1521 1822 1645 1854 Clzirico
1665 1822 1829 1861 Guillelmi,
1848 1823 1951 1864 priori
1964 1823 2098 1863 priorat.
2118 1834 2141 1854 s.
2163 1823 2259 1854 Bene-

657 1877 732 1908 dicti
744 1875 853 1907 AEsin.
872 1875 927 1913 di„
947 1881 975 1906 et
991 1876 1088 1906 Lonio
1105 1875 1263 1916 Baynaldi
1278 1876 1314 1907 de
1332 1875 1423 1906 AEsio
1442 1886 1477 1906 ac
1495 1876 1763 1906 communitatibus
1779 1876 1893 1914 Serrae,
1910 1887 1935 1907 s.
1955 1876 2072 1914 Quirici
2093 1881 2120 1907 et
2136 1877 2259 1907 Rosorae

657 1931 744 1971 infra
768 1930 939 1961 Marchiam
963 1930 1150 1960 Anconitan.
1179 1930 1366 1967 constitutis,
1392 1930 1505 1960 citatis
1523 1931 1661 1969 propter
1686 1931 1988 1961 excessus.contra
2010 1931 2090 1967 ΡΡ.,
2108 1931 2145 1962 Ε.
2168 1931 2210 1962 R.
2229 1932 2261 1961 et

657 1983 829 2016 Amelium
847 1984 955 2023 ejusd.
973 1983 1130 2014 Marchiae
1147 1984 1314 2014 rectorem
1330 1984 1552 2023 perpetratos.
1567 1983 1621 2023 (A.
1638 1985 1685 2019 11,
1702 1983 1725 2013 f.
1736 1985 1792 2014 551
1809 1983 1838 2020 ¹²3
1861 1983 1897 2014 V.
1913 1985 1963 2021 69,
1981 1992 2032 2023 ep.
2052 1984 2110 2015 188
2127 1983 2163 2014 de
2181 1985 2260 2022 cur.)

703 2034 836 2066 10232.
856 2055 892 2060 -
907 2037 957 2068 Id.
975 2045 1067 2068 conc.
1085 2046 1118 2067 n.
1137 2046 1168 2067 v.
1187 2036 1362 2073 Frederico,
1386 2035 1520 2067 Guidoni
1540 2041 1568 2067 et
1584 2036 1759 2077 Sperantiae
1776 2037 1932 2067 comitibus
1946 2036 1982 2067 de
1997 2037 2216 2076 Monteferetra
2232 2041 2261 2067 et

657 2091 782 2121 consilio
797 2101 832 2120 ac
853 2090 1005 2121 communi
1019 2091 1102 2120 civit.
1125 2090 1305 2121 Urbinaten.
1322 2089 1520 2122 rebellibus.
1538 2091 1592 2131 (A.
1614 2092 1662 2127 11,
1682 2090 1704 2121 f.
1731 2092 1786 2122 551
1805 2090 1837 2126 ¹³3
1862 2090 1894 2121 V.
1912 2093 1963 2125 69,
1983 2099 2034 2130 ep.
2056 2092 2114 2122 189
2130 2090 2166 2120 de
2181 2092 2260 2129 cur.)

703 2141 838 2173 10233.
860 2162 898 2167 -
913 2144 962 2175 Id.
989 2152 1080 2175 conc.
1104 2144 1262 2184 potestati,
1286 2143 1459 2184 capitaneo,
1485 2144 1612 2174 consilio
1637 2150 1664 2174 et
1692 2144 1843 2174 communi
1867 2154 1904 2175 ac
1919 2144 2068 2184 Lippatio
2085 2149 2112 2174 et
2131 2143 2261 2174 Andreae

657 2198 769 2239 quoad.
794 2197 951 2229 Gensolini
966 2197 1031 2228 mil.
1047 2198 1217 2228 Auximcm.
1237 2197 1324 2237 infra
1338 2197 1534 2237 provinciam
1557 2197 1700 2228 Marchiae
1713 2198 1903 2228 Anconitan.
1923 2198 2107 2234 constitutis,
2127 2197 2258 2229 rebelli-

658 2252 733 2283 bus.
753 2252 805 2290 (A.
826 2253 874 2288 11,
894 2251 916 2282 f.
931 2253 990 2283 552
1005 2257 1035 2288 ²²3
1059 2251 1094 2282 V.
1112 2253 1163 2286 69,
1180 2259 1233 2290 ep.
1251 2252 1309 2282 190
1322 2250 1358 2281 de
1373 2251 1453 2290 cur.)

701 2305 712 2315 ¹
739 2302 874 2334 10234.
892 2322 930 2327 -
947 2304 1106 2339 Potestati‚
1125 2305 1296 2345 capitaneo,
1318 2304 1455 2342 consilio,
1472 2306 1623 2335 communi
1638 2315 1672 2335 ac
1690 2305 1883 2335 universitati
1898 2309 1927 2335 et
1939 2304 2056 2345 populo
2073 2304 2258 2335 Recanaten.

658 2369 673 2390 «
693 2359 848 2399 Spiritum
875 2358 997 2388 consilii
1013 2358 1157 2388 sanioris.
1181 2368 1196 2388 n
1216 2358 1383 2390 Narratur
1404 2358 1547 2390 rebellio
1573 2359 1665 2390 civit.
1692 2359 1896 2390 Recanaten.
1921 2360 1953 2389 et
1978 2358 2160 2389 Auximan.
2184 2366 2260 2388 cum

658 2412 798 2443 monitis
813 2412 931 2442 missis
947 2411 1084 2450 populis
1100 2411 1267 2442 dictarum
1287 2411 1378 2442 civit.
1391 2420 1400 2448 ;
1423 2412 1579 2451 sequitur
1594 2413 1708 2442 mand.
1729 2412 1862 2443 Amelio
1883 2411 2004 2443 rectori
2019 2411 2175 2442 Marchiae
2192 2411 2261 2441 An-

658 2466 804 2497 conitan.
831 2463 1003 2496 directum‘
1025 2473 1127 2504 super
1156 2465 1415 2504 praesentatione
1442 2466 1475 2496 et
1499 2465 1730 2504 publicatione
1752 2465 1872 2496 harum
1900 2464 2102 2495 litterarum.
2127 2463 2179 2504 (A.
2208 2465 2256 2500 11,

658 2518 681 2550 f.
698 2519 757 2550 497
769 2524 800 2556 ει;
822 2517 856 2548 V.
874 2519 923 2555 69,
943 2527 996 2557 ep.
1013 2519 1071 2550 192
1086 2517 1122 2548 de
1136 2518 1217 2558 car.)

704 2569 839 2600 10235.
859 2588 896 2594 -
912 2571 1122 2603 Cnnstitutio
1139 2573 1256 2602 contra
1273 2571 1353 2603 illos
1374 2572 1432 2611 qui
1453 2572 1488 2603 in
1513 2574 1677 2603 rectorem
1697 2571 1852 2602 Marchiae
1868 2570 2097 2607 Anconitanae,
2119 2569 2172 2600 vel
2187 2569 2260 2601 the-

658 2634 764 2662 saur„
781 2625 834 2656 vel
851 2625 1027 2659 vicarium,
1043 2626 1100 2656 aut
1112 2624 1274 2664 judicem,
1292 2625 1344 2656 vel
1361 2634 1608 2665 quemcumque
1626 2624 1806 2655 officialem
1820 2624 1858 2654 Ε.
1876 2624 1918 2655 R.
1935 2631 2056 2654 manus
2069 2622 2258 2662 injecerint,

658 2686 784 2718 eosque
803 2678 954 2717 ceperint
972 2678 1025 2708 vel
1040 2678 1235 2709 occiderint.
1253 2679 1449 2718 Sequuntur
1466 2687 1567 2718 poenae
1585 2687 1670 2717 quas
1690 2678 1862 2708 incurrent
1880 2676 1995 2707 taliter
2010 2676 2259 2715 delinquentes.

657 2732 711 2772 (A.
736 2733 785 2769 11,
807 2732 829 2762 f.
847 2733 907 2763 500
924 2737 955 2768 ²3
978 2731 1011 2761 V.
1029 2732 1080 2767 69,
1099 2740 1150 2771 ep.
1169 2733 1228 2763 193
1244 2732 1280 2762 de
1297 2731 1377 2771 cur.)

704 2782 839 2814 10236.
860 2803 898 2807 -
919 2785 1041 2816 Salvus
1058 2793 1199 2816 securus
1216 2785 1402 2816 conductus
1418 2794 1479 2825 pro
1498 2783 1669 2815 Bertrando
1688 2783 1833 2819 Barram',
1851 2792 1918 2822 cap.
1938 2782 2001 2822 ep.i
2017 2782 2258 2822 Appamiarum,

659 2839 717 2879 qui
744 2839 986 2878 Raymundum
1011 2838 1051 2869 de
1074 2838 1174 2870 Costa
1189 2839 1222 2870 et
1239 2839 1405 2870 Joannem
1428 2839 1469 2869 de
1485 2838 1594 2870 Viana
1616 2846 1692 2868 cum
1709 2836 1841 2867 duabus
1863 2835 2065 2866 mulieribus
2080 2835 2203 2875 ligatos
2220 2836 2261 2866 ad

658 2892 838 2932 praefatum
857 2900 985 2932 ep.um,
1002 2892 1060 2932 qui
1078 2901 1136 2923 eos
1159 2892 1202 2923 ad
1220 2893 1286 2923 ΡΡ.
1304 2892 1554 2927 transmiserat,
1572 2890 1686 2921 refert.
1707 2889 1758 2928 (A.
1778 2891 1827 2926 11,
1847 2889 1869 2919 f.
1886 2890 1945 2920 547
1964 2894 1992 2925 ³3
2016 2888 2048 2919 V.
2065 2890 2116 2924 69,
2132 2897 2183 2928 ep.
2202 2890 2257 2921 151

660 2945 697 2976 de
712 2945 793 2985 cur.)

372 3037 516 3065 JOANle
536 3038 621 3066 xxii.
642 3054 675 3059 -
693 3039 724 3066 T.
747 3039 784 3067 11.
2087 3034 2122 3063 58
