2592 3562
258 424 363 452 Datum
379 419 564 452 Avemone.

267 524 306 553 13
318 523 382 559 (id.)
395 523 454 551 dec.
471 522 560 550 1317.

308 570 339 597 T.
359 569 419 603 xn,
436 569 506 596 xiv.

369 790 406 818 Ut
422 798 445 817 s.

364 1003 400 1031 Ut
418 1012 441 1030 s.

345 1048 375 1075 T.
394 1048 463 1075 XVI.

363 1270 400 1298 Ut
419 1279 443 1298 s.

347 1316 377 1342 T.
399 1315 458 1342 XII.

337 1392 339 1394 -
365 1376 402 1404 Ut
418 1384 443 1403 s.

357 2180 394 2207 Ut
414 2188 438 2207 s.

344 2225 375 2251 T.
394 2225 454 2252 XII.

359 2286 394 2314 Ut
411 2295 435 2314 S.

280 2330 311 2357 T.
331 2331 428 2364 XVIII,
450 2332 505 2359 XX.

353 2500 392 2528 Ut
406 2508 430 2528 s,

318 2543 349 2571 T.
371 2544 468 2572 XVIII.

355 2658 392 2687 Ut
410 2668 434 2686 s.

323 2703 354 2730 T.
370 2704 467 2731 XVIII.

288 2763 326 2791 14
339 2765 399 2793 dec.
417 2765 504 2795 4317.

279 2809 345 2846 (xxx
360 2809 420 2838 kal.
433 2810 511 2846 jan.)

292 2854 341 2882 Gr.
355 2862 407 2890 pro
424 2855 492 2883 Deo.

634 331 808 363 JOANNIS
832 332 951 363 PAPAE
973 332 1075 362 XXII.
1099 334 1348 371 (1316-1334).
1373 352 1409 356 —
1432 333 1619 363 LITTERAE
1642 333 1866 366 COMMUNES
2215 341 2253 370 47

698 519 807 550 6015.
827 541 863 545 -
883 521 964 562 Moy.
986 521 1117 552 Henrico
1135 521 1171 552 de
1188 521 1336 552 Geldonia
1354 531 1457 561 praep.
1475 523 1555 553 eccl.
1573 531 1600 553 s.
1617 522 1804 559 Adalberti,
1821 524 1981 556 Leodien.
2001 526 2060 562 di.,
2077 528 2109 557 et
2126 536 2199 558 can.
2214 529 2253 560 B.

652 575 832 607 Gertrudis
850 575 890 606 de
917 575 1065 610 Nivella,
1084 575 1192 615 ejusd.
1207 575 1266 610 di.,
1284 575 1446 614 indulget.
1464 578 1500 606 ut
1515 584 1622 615 usque
1639 567 1878 607 adh—iennium
1897 577 2086 610 insistendo
2102 581 2253 612 servitiis

652 628 812 660 Balduini
836 629 997 668 archiep-i
1025 629 1219 665 Treveren.,
1236 629 1289 659 vel
1314 628 1507 667 disciplinis
1527 629 1728 666 scolasticis,
1748 629 1878 660 fructus
1891 631 2127 670 praedictorum
2142 633 2251 665 benef.

653 682 783 722 integre
799 683 973 721 percipere
990 681 1110 712 valeat.
1130 699 1167 704 —
1181 682 1207 712 Ι.
1228 691 1257 712 6.
1276 691 1320 712 m.
1350 682 1521 721 archiep.o
1539 682 1711 721 praedicto,
1738 684 1771 713 et
1788 683 1863 713 abb.
1882 686 2027 716 monast.
2050 686 2253 717 Lucembur-

652 744 741 775 gen„
761 736 941 766 Treveren.
959 735 1018 772 di.,
1038 744 1075 766 ac
1090 735 1215 766 decano
1232 735 1312 766 6661.
1326 743 1353 765 s.
1370 735 1512 766 Joannis
1526 735 1685 766 Leodien.
1700 735 1752 774 (A.
1770 737 1799 772 8,
1818 736 1840 766 f.
1853 738 1912 768 354
1929 742 1959 773 ³3
1983 737 2014 768 V.
2032 740 2084 776 67,
2102 747 2153 778 ep.
2168 741 2253 779 534.)

697 785 807 817 6016.
827 806 862 810 -
880 788 1033 819 Balduino
1057 788 1214 828 archieps
1245 788 1402 818 Treveren.
1431 788 1530 819 facul.
1562 797 1653 819 conc.
1675 788 1819 819 faciendi
1837 790 1942 829 recipi
1961 790 1994 821 in
2011 800 2081 822 can.
2101 792 2253 832 singulas

651 850 741 880 pers.
761 842 827 881 ipsi
846 842 1027 873 benevisas
1043 842 1077 872 in
1095 842 1290 877 Treve1·en.,
1306 842 1561 877 Monasterien„
1578 842 1618 872 de
1638 842 1822 881 Meynuest,
1842 852 1878 874 ac
1899 852 1926 874 s.
1946 844 2098 875 Castoris
2116 845 2151 875 in
2169 846 2255 877 Con-

651 895 801 930 ssuentia,
832 896 1013 927 Treveren.
1042 895 1101 931 di.,
1131 895 1225 932 ecch,
1259 895 1376 934 eisque
1410 895 1451 926 de
1481 894 1583 934 praeb.
1616 896 1827 934 providendi.
1848 896 1900 936 (A.
1919 898 1949 934 8,
1970 897 1992 927 f.
2014 899 2071 929 357
2091 903 2124 935 ³;
2147 899 2181 930 V.
2200 901 2251 937 67,

582 956 584 958 ’
650 957 702 988 ep.
721 949 806 986 538.)

695 1001 706 1012 ³
731 999 841 1031 6017.
860 1019 896 1024 -
924 1001 1091 1043 Archiep.o
1119 1002 1295 1042 Maquntin.
1328 1002 1441 1033 mand.
1474 1003 1510 1032 ut
1544 1002 1720 1033 confirmet
1751 1003 2076 1036 saecularisationem
2106 1008 2250 1038 monast.

650 1064 677 1086 s.
697 1055 793 1086 Beati
812 1064 916 1095 prope
936 1055 1195 1092 Confluentiam,
1209 1055 1391 1086 Treveren.
1411 1056 1470 1092 di.,
1489 1055 1528 1087 O.
1546 1055 1580 1087 S.
1598 1056 1650 1090 B..
1666 1057 1805 1096 propter
1820 1057 1932 1088 varias
1953 1058 2216 1097 dilapidationes
2234 1069 2253 1091 a

650 1108 814 1140 fratribus
841 1109 922 1140 dicti
945 1110 1091 1140 monast.
1112 1109 1328 1146 commissas,
1345 1109 1470 1140 factam
1494 1118 1513 1139 a
1534 1109 1715 1148 Balduino,
1740 1110 1911 1150 archiep.o
1941 1111 2135 1149 Treveren.‚
2151 1113 2182 1144 si
2198 1122 2253 1144 res

650 1162 698 1193 ita
714 1163 793 1193 sunt
809 1163 911 1193 uteas
920 1162 1074 1202 depinxit
1090 1162 1181 1193 idem
1198 1162 1399 1194 Balduinus.
1417 1162 1469 1201 (A.
1486 1163 1516 1198 8,
1537 1162 1559 1193 f.
1574 1164 1633 1194 357
1650 1162 1684 1200 ι);
1705 1162 1737 1194 V.
1753 1165 1803 1201 67,
1819 1172 1871 1203 ep.
1888 1165 1967 1200 539;
1980 1165 2127 1202 Riezler,
2143 1175 2176 1197 n.
2192 1168 2249 1204 86;

649 1216 849 1251 Sauerland,
868 1215 1034 1247 Urkunden
1051 1215 1115 1246 und
1128 1215 1275 1256 Reqesten
1293 1226 1348 1246 zur
1362 1215 1537 1247 Geschichte
1558 1215 1612 1246 der
1628 1216 1830 1253 Rlzee'nlande,
1849 1219 1872 1248 t.
1892 1218 1919 1254 I,
1935 1226 1968 1257 p.
1987 1219 2057 1256 226,
2075 1219 2148 1250 doc.
2166 1220 2251 1259 478.)

693 1266 804 1297 6018.
819 1287 857 1292 -
877 1268 1032 1300 Balduino
1052 1269 1210 1310 archiep.0
1236 1269 1396 1300 Treveren.
1424 1269 1523 1300 facul.
1547 1278 1639 1301 conc.
1663 1270 1884 1310 dispensandi
1911 1279 1988 1302 cum
2003 1280 2025 1302 x
2043 1272 2122 1303 cler.
2142 1273 2252 1305 defec-

648 1323 721 1353 tum
738 1323 902 1354 natalium
920 1323 1141 1362 patientibus.
1160 1323 1213 1363 (A.
1232 1323 1263 1360 8,
1283 1323 1307 1354 f.
1325 1324 1386 1354 358
1401 1328 1436 1359 ὃς
1458 1323 1494 1354 V.
1511 1325 1562 1358 67,
1583 1332 1635 1363 ep.
1650 1324 1710 1355 540
1731 1323 1788 1362 A.)

693 1373 803 1404 6019.
825 1394 862 1398 -
877 1375 953 1408 Eid.
972 1376 1072 1407 facul.
1091 1376 1292 1407 absolvendi
1304 1386 1348 1406 xx
1364 1385 1455 1416 pers.
1469 1385 1609 1408 suarum
1620 1376 1712 1408 civit.
1731 1378 1764 1408 et
1775 1377 1834 1414 di.,
1850 1386 1923 1417 quae
1938 1379 2077 1418 propter
2087 1388 2249 1411 manuum

649 1429 866 1468 injectionem
899 1430 935 1461 in
963 1429 1105 1461 clericos
1137 1430 1317 1461 canonicas
1349 1429 1537 1461 sententias
1566 1430 1792 1461 incurrerunt.
1825 1430 1879 1471 (A.
1901 1431 1932 1469 8,
1961 1430 1983 1462 f.
2005 1432 2064 1463 358
2079 1437 2110 1469 3;
2145 1432 2178 1464 V.
2197 1435 2248 1471 67,

648 1491 700 1522 ep.
720 1484 780 1514 540
801 1484 852 1522 B.)

692 1533 804 1565 6020.
822 1555 855 1559 -
874 1537 1007 1577 Indulg.
1027 1547 1043 1568 c
1071 1536 1203 1568 dierum
1222 1537 1303 1568 6661.
1330 1537 1456 1568 Montis
1481 1546 1509 1568 s.
1536 1537 1632 1568 Beati
1650 1546 1754 1577 prope
1776 1537 2036 1576 Confluentiam,
2065 1540 2247 1572 Treveren.

647 1589 708 1625 di.,
724 1590 759 1620 in
776 1590 878 1621 certis
895 1590 1140 1622 festivitatibus
1156 1590 1377 1622 visitantibus
1395 1599 1487 1622 conc.
1505 1591 1558 1631 (A.
1576 1592 1606 1626 8,
1625 1591 1646 1621 f.
1664 1592 1723 1622 358
1740 1596 1774 1628 ³3
1799 1590 1830 1622 V.
1845 1593 1896 1627 67,
1913 1600 1966 1631 ep.
1990 1593 2050 1624 540
2069 1593 2111 1629 C;
2129 1594 2249 1626 Sauer-

647 1643 738 1680 land,
756 1653 806 1684 op.
826 1644 889 1681 cit„
906 1652 938 1684 p.
958 1645 1028 1681 229,
1049 1644 1121 1675 doc.
1140 1645 1225 1681 484.)

691 1693 802 1725 6021.
820 1715 859 1720 -
874 1697 1041 1738 Archiep.o
1059 1697 1223 1728 Messanen.
1242 1697 1356 1729 mand.
1375 1699 1412 1728 ut
1428 1697 1582 1735 Nicolao,
1601 1699 1679 1729 nato
1696 1698 1849 1729 Tornelli
1865 1698 1905 1729 de
1931 1699 2102 1731 Tornellis
2122 1700 2249 1740 judicis

646 1750 850 1788 Messanen„
863 1750 896 1781 iu
906 1755 954 1781 vi0
971 1751 1081 1782 aetatis
1099 1760 1167 1782 suae
1185 1760 1272 1782 anno
1288 1751 1484 1787 constituto,
1499 1752 1677 1782 tonsuram
1691 1751 1894 1789 clericalem,
1912 1753 1945 1783 et
1961 1761 2077 1784 canon.
2096 1762 2134 1785 ac
2144 1754 2247 1794 praeb.

646 1803 727 1835 eccl.
760 1804 967 1841 siracusam„
998 1813 1127 1835 necnon
1160 1804 1271 1835 benef.
1293 1813 1321 1835 s.
1339 1814 1366 1835 6.
1386 1804 1420 1835 in
1438 1804 1530 1835 civit.
1561 1803 1615 1836 vel
1639 1804 1685 1835 di.
1719 1805 1911 1836 Siracusan.
1947 1806 2110 1838 conferat.
2145 1807 2196 1847 (A.
2216 1809 2246 1846 8,

645 1857 668 1887 f.
690 1859 749 1888 359
772 1857 808 1894 ¹³3
832 1858 867 1888 V.
884 1859 934 1893 67,
951 1867 1002 1897 ep.
1019 1859 1104 1895 546.)

689 1908 799 1940 6022.
818 1929 855 1933 -
870 1911 956 1952 Εμο
974 1916 1002 1941 et
1027 1913 1122 1952 capit.
1153 1911 1371 1952 Famayustan.
1390 1912 1502 1942 mand.
1530 1912 1566 1942 ut
1586 1911 1626 1942 de
1652 1912 1752 1943 tertia
1768 1914 1861 1951 parte
1878 1912 2070 1944 reddituum
2090 1914 2169 1945 eccl.
2186 1915 2248 1946 Fa-

645 1967 849 2004 magustan.‚
875 1965 975 2004 juxta
1001 1965 1175 2004 antiquam
1202 1965 1483 1996 consuetudinem
1509 1965 1603 2005 regni
1630 1965 1734 2005 Cypri
1759 1965 1967 2005 pauperibus
1984 1968 2117 2007 erogari
2135 1968 2247 2006 solita,

645 2019 704 2049 200
717 2018 847 2058 argenti
862 2017 1030 2049 blsantios
1046 2018 1145 2049 annis
1163 2018 1309 2058 singulis
1332 2027 1439 2058 usque
1459 2018 1500 2049 ad
1514 2018 1784 2058 quinquennium
1801 2019 1881 2050 cler.
1900 2020 2108 2059 pauperibus
2131 2021 2249 2052 Arme-

644 2071 698 2102 nis
730 2071 1018 2103 commorantibus
1048 2072 1083 2102 in
1115 2071 1196 2102 eccl.
1222 2072 1255 2103 S.
1277 2072 1324 2103 M.
1357 2071 1488 2102 Virid1s
1516 2072 1758 2112 Famagustan.
1789 2072 1957 2112 assignari
1988 2073 2122 2105 faciant.
2143 2075 2196 2114 (A.
2216 2076 2245 2108 8.

644 2124 668 2155 f.
687 2126 747 2156 370
762 2130 797 2160 ³;
818 2124 853 2156 V.
870 2126 920 2162 67,
939 2133 993 2164 ep.
1008 2125 1093 2165 610.)

688 2175 798 2207 6023.
816 2195 853 2200 -
870 2178 947 2209 Abb.
967 2177 1002 2208 de
1016 2177 1046 2208 la
1068 2177 1177 2215 Cruce,
1194 2178 1364 2209 Nimocien.
1383 2177 1440 2215 di.,
1457 2182 1486 2208 et
1504 2188 1604 2219 praep.
1623 2179 1781 2215 Par-men„
1796 2189 1832 2209 ac
1854 2178 1986 2210 Roberto
2004 2179 2159 2218 Turclzeti,
2177 2190 2246 2210 can.

643 2231 766 2262 Liria-en
783 2231 869 2269 eccl„
887 2232 1108 2271 designantur
1123 2225 1166 2263 ut'
1177 2234 1375 2263 executores
1385 2232 1556 2272 praedictae
1567 2232 1680 2263 bullae.
1698 2233 1750 2273 (A.
1767 2234 1798 2268 8,
1810 2232 1832 2263 f.
1844 2234 1904 2264 372
1921 2238 1954 2270 ³3
1976 2232 2009 2265 V.
2027 2235 2077 2271 67,
2096 2243 2147 2274 ep.
2161 2236 2246 2272 622.)

687 2282 799 2314 6024.
816 2303 853 2308 -
872 2284 1038 2321 Balduino,
1063 2285 1222 2326 arclziep.o
1249 2285 1423 2323 Treveren„
1448 2285 1613 2326 indulget.
1648 2288 1684 2317 ut
1706 2295 1765 2316 vni
1783 2287 1863 2317 cler.
1896 2287 2007 2326 ipsius
2021 2287 2198 2319 domestici
2215 2290 2246 2319 et

643 2338 751 2370 famil.
771 2339 902 2370 fructus
923 2339 1075 2370 omnium
1092 2338 1204 2370 benef.
1225 2348 1366 2370 suorum
1390 2339 1518 2379 absque
1535 2340 1720 2371 residentia
1745 2340 1919 2379 percipere
1934 2341 2066 2380 possint
2083 2341 2126 2372 ad
2143 2342 2246 2372 trien·
2265 2363 2268 2367 -

643 2392 750 2423 nium.
769 2409 807 2414 —
823 2392 851 2423 Ι.
868 2401 896 2423 e.
916 2401 960 2423 m.
979 2392 1150 2432 archiep.o
1166 2393 1367 2433 Maguntim.
1381 2402 1419 2424 ac
1433 2402 1461 2424 s.
1474 2393 1652 2424 Maximini
1670 2395 1766 2424 extra
1782 2402 1898 2424 muros
1910 2394 2091 2426 Treveren.
2108 2397 2140 2426 et
2152 2396 2188 2426 B.
2199 2395 2243 2425 M.

640 2445 1128 2485 Lucemburgen„Treveren.
1151 2446 1212 2483 di.,
1234 2448 1378 2478 monast.
1398 2446 1474 2477 abb.
1494 2446 1545 2485 (A.
1564 2448 1594 2484 8,
1616 2447 1639 2477 f.
1653 2448 1712 2478 387
1730 2446 1762 2482 ι’;
1785 2446 1817 2477 V.
1838 2449 1888 2483 67,
1910 2456 1961 2486 ep.
1983 2448 2069 2485 652.)

687 2496 798 2528 6025.
818 2516 856 2521 -
869 2499 1007 2531 Jordano
1025 2499 1063 2530 de
1079 2499 1270 2540 Rapiscaqno
1280 2500 1418 2540 juniori,
1436 2509 1528 2531 mon.
1547 2501 1692 2531 monast.
1714 2500 2007 2538 Grandimonten.‚
2029 2501 2242 2532 Lemovicen.

643 2553 702 2590 di.,
720 2553 822 2583 facul.
840 2553 1009 2584 audiendi.
1027 2553 1080 2584 vel
1103 2552 1296 2585 celebrandi
1319 2553 1471 2585 officium
1490 2554 1656 2591 divinum,
1682 2562 1758 2584 eum
1784 2553 1886 2584 fuerit
1911 2554 2080 2585 sententia
2112 2563 2241 2585 excom.

643 2606 826 2637 innodatus
849 2608 988 2646 propter
1005 2615 1126 2638 causas
1151 2608 1366 2638 enumeratas
1389 2616 1505 2647 supra,
1529 2616 1561 2638 n.
1578 2608 1668 2639 5981.
1690 2607 1743 2645 (A.
1763 2609 1793 2644 9,
1815 2606 1838 2637 f.
1855 2609 1894 2638 39
1910 2612 1945 2642 ²;
1967 2607 2002 2638 V.
2019 2609 2070 2644 67,
2088 2615 2140 2646 ep.
2158 2609 2242 2645 964.)

687 2657 798 2688 6026.
818 2677 857 2682 -
875 2660 960 2691 Ead.
976 2659 1071 2692 favor
1084 2661 1278 2692 conceditur
1292 2661 1429 2692 Martino
1446 2660 1576 2699 Judicis,
1595 2670 1687 2692 mon.
1705 2660 1812 2700 eJusd.
1832 2662 1975 2692 monast.
1995 2660 2046 2699 (A.
2065 2661 2095 2698 9,
2116 2660 2139 2691 f.
2157 2662 2195 2692 79
2211 2666 2240 2697 ὃς

648 2713 684 2745 V.
708 2714 759 2749 68,
777 2722 829 2753 ep.
846 2714 950 2751 1136.)

687 2763 798 2795 6027.
818 2784 856 2789 -
878 2765 1052 2807 Αηάνξειιιίο
1077 2766 1212 2805 Nercoli,
1239 2768 1318 2799 cler.
1345 2768 1504 2799 Perusin.
1527 2768 1586 2805 di.,
1604 2767 1755 2807 dispens.
1772 2768 1809 2798 ut
1825 2767 1865 2798 ad
1885 2775 2002 2798 omnes
2023 2766 2094 2798 ord.
2110 2775 2242 2806 promo-

642 2820 714 2851 veri
737 2821 768 2851 et
788 2818 900 2851 benef.
925 2819 1077 2852 obtinere
1095 2821 1218 2858 valeat,
1242 2821 1322 2852 licet
1339 2821 1434 2857 olim,
1452 2821 1487 2852 in
1503 2820 1694 2852 minoribus
1711 2821 1782 2852 ord.
1800 2820 2015 2855 constitutus,
2034 2820 2240 2860 ignoranter,

642 2874 759 2904 contra
786 2872 1005 2904 inhibitiones
1023 2873 1248 2911 decretorum,
1275 2874 1318 2905 ad
1343 2874 1543 2905 instantiam
1563 2874 1739 2914 cujusdam
1763 2873 1920 2904 avunculi
1944 2873 1998 2903 sui
2022 2875 2054 2904 et
2080 2881 2241 2912 quorum-

641 2927 719 2958 dam
742 2926 886 2957 aliorum
903 2926 1029 2966 presb.,
1047 2927 1081 2958 in
1107 2927 1194 2958 festo
1209 2927 1242 2959 b.
1261 2928 1384 2967 Angeli
1400 2928 1435 2958 in
1451 2926 1558 2959 missa
1577 2927 1769 2966 epistolam,
1784 2926 1922 2957 indutus
1939 2925 2240 2958 subdiaconalibus

641 2979 795 3011 vestibus
813 2988 889 3011 cum
908 2980 1094 3020 manipulo,
1117 2980 1252 3020 publice
1267 2981 1425 3012 cantavit.
1448 2981 1499 3020 (A.
1522 2982 1589 3015 115,
1610 2980 1631 3012 f.
1651 2982 1710 3011 219
1723 2985 1754 3016 ἃς
1782 2979 1817 3010 V.
1834 2981 1886 3016 67,
1902 2987 1954 3019 ep.
1974 2980 2058 3018 336.)
