2592 3562
238 413 340 440 Datum
363 405 545 441 Avenione.

226 623 265 650 45
283 621 347 657 (id.)
370 625 453 648 mart.
478 619 564 648 1319.

337 665 368 693 Τ.
389 665 446 693 ΧΧ.

352 833 389 861 Ut
404 841 428 860 s.

338 877 369 904 T.
384 877 444 904 XII.

351 939 388 966 Ut
403 947 428 966 s.

296 983 326 1010 T.
343 983 389 1016 XI,
405 983 478 1010 XIII.

353 1204 390 1231 Ut
404 1212 426 1231 s.

334 1249 365 1275 T.
382 1248 452 1275 XVI.

355 1312 393 1339 Ut
407 1319 431 1338 s.

328 1357 359 1384 T.
381 1355 453 1382 XVI.

353 1418 389 1446 Ut
406 1426 430 1445 s.

268 1737 306 1765 16
325 1739 408 1764 mart.
429 1735 517 1765 1319.

268 1782 346 1818 (xvir
362 1781 420 1808 kal.
440 1782 514 1816 apr.)

345 1826 375 1852 T.
395 1826 441 1852 vl.

351 1898 388 1926 Ut
408 1906 432 1925 S.

336 1942 367 1969 Τ.
390 1942 445 1969 XL.

357 2376 392 2404 Ut
410 2385 434 2403 s.

341 2421 372 2447 T.
391 2421 446 2447 XX.

612 319 786 350 JOANNIS
809 319 928 350 PAI’AE
950 319 1052 350 XXII.
1078 321 1326 358 (1316-1334).
1349 338 1387 342 —
1412 321 1598 351 LITTERAE
1622 322 1845 354 COMMUNES
2175 329 2233 359 343

640 511 717 541 ante
742 510 946 541 sententiam
975 509 1171 549 hujusmodi
1200 510 1334 541 fuerant
1360 519 1435 541 cum
1465 511 1543 541 aliis
1571 511 1708 541 ossibus
1727 511 1878 542 fidelium
1892 513 2037 543 diversis
2055 515 2238 546 commixta

639 563 864 602 temporibus.
882 564 934 601 (A.
951 565 1000 599 11,
1018 563 1040 594 f.
1058 565 1113 594 251
1132 563 1164 600 b;
1187 563 1222 594 V.
1240 565 1291 599 69,
1311 572 1362 602 ep.
1383 564 1460 600 3893
1478 563 1597 601 Eubel,
1617 574 1668 604 op.
1686 565 1751 600 cit.‚
1770 566 1793 595 t.
1809 566 1850 601 V,
1869 573 1902 604 p.
1919 567 1986 602 165,
2003 575 2035 596 n.
2053 567 2139 606 357.)

684 613 794 645 9060.
813 633 851 638 -
877 616 1102 648 Absolutio'a
1127 616 1320 656 juramento
1353 616 1394 647 de
1419 616 1602 647 visitand1s
1636 617 1878 656 Apostolorum
1897 617 2075 649 liminibus
2094 619 2238 658 singulis

638 669 799 700 trienniis
815 670 967 709 praestito
984 669 1025 700 ab
1039 668 1173 709 AE'qidio
1187 669 1330 705 Martini,
1348 679 1427 710 may.
1446 669 1553 699 domus
1569 669 1687 700 Mililiae
1701 670 1774 700 ,Iesu
1794 670 1910 700 Christi
1929 672 2043 702 contra
2066 672 2238 711 Agarenos

639 722 675 753 in
693 723 766 754 loco
781 723 1033 759 Casti-Imarini,
1052 723 1180 754 Silven.
1197 723 1257 759 di.‚
1276 731 1335 762 per
1349 723 1555 762 Dionysium
1576 723 1794 763 I‘ortugalliae
1810 724 1842 754 et
1865 723 2018 763 Algarbii
2036 732 2149 764 regem
2165 733 2239 756 con—

639 784 746 807 cesso.
764 775 816 814 (A.
839 778 886 813 11,
904 776 925 806 f.
946 777 1005 808 252
1021 775 1054 812 ι’;
1082 775 1115 806 V.
1134 777 1185 813 69,
1205 784 1258 815 ep.
1276 776 1360 814 395.)

684 826 795 857 9061.
814 848 852 852 -
870 829 962 860 Idem
977 838 1069 860 conc.
1088 828 1291 860 Gundissalvo
1308 838 1377 868 epp
1393 828 1582 859 Mindonien.
1599 829 1653 868 (A.
1669 830 1718 864 11,
1738 829 1759 860 t'.
1780 830 1839 860 253
1854 835 1883 865 ⁸3
1908 829 1944 860 V.
1961 831 2011 864 69,
2029 838 2080 869 ep.
2099 830 2181 869 396.)

684 933 795 964 9062.
811 953 848 957 -
862 936 985 967 Collat.
1005 936 1058 966 off.
1076 935 1272 966 camerariae
1287 937 1434 966 monast.
1453 936 1487 966 S.
1506 936 1543 967 B.
1563 936 1766 971 Floriacen„
1785 936 1856 967 ord.
1875 936 1982 976 ejusd.
2000 936 2120 972 sancti,
2135 936 2242 967 Aure-

640 989 765 1020 lianen.
776 989 837 1026 (11,,
850 998 910 1029 per
924 989 1174 1029 promotionem
1190 989 1283 1019 Petri
1297 988 1339 1019 ad
1354 988 1524 1019 abbatiam
1542 989 1620 1020 dicti
1637 992 1781 1020 monast.
1797 998 1855 1029 per
1869 989 1995 1020 Pontis.
2016 989 2138 1020 factam
2155 998 2241 1026 vac„

639 1042 757 1073 Jocmm'
770 1042 806 1072 de
822 1042 1000 1083 Petrafitca,
1017 1042 1123 1082 priori
1139 1042 1179 1073 de
1194 1050 1222 1072 s.
1243 1041 1363 1078 Biitio,
1383 1042 1568 1073 Bituriccn.
1593 1043 1637 1073 di.
1654 1059 1690 1063 —
1706 1043 1732 1074 Ι,
1752 1051 1780 1072 e.
1800 1052 1844 1073 m.
1861 1051 1888 1074 s.
1909 1043 2033 1073 Aniani
2051 1044 2083 1074 et
2103 1051 2130 1073 s.
2149 1043 2242 1074 Petri

640 1096 790 1127 virorum
803 1096 1023 1127 Aurelianen.
1040 1095 1190 1133 decanis,
1207 1104 1244 1126 ac
1261 1095 1361 1126 Petro
1373 1095 1414 1126 de
1431 1096 1612 1135 Argeneto,
1628 1105 1699 1127 can.
1718 1097 1859 1127 Remen.
1873 1096 1953 1127 eccl.
1971 1096 2024 1135 (A.
2045 1097 2092 1133 12,
2105 1096 2127 1127 t'.
2143 1098 2201 1127 433
2211 1096 2240 1132 ¹³5

645 1149 679 1180 V.
702 1151 752 1186 69,
774 1158 826 1189 ep.
850 1151 909 1181 399
925 1150 977 1188 C.)

685 1200 797 1231 9063.
816 1221 855 1226 -
871 1202 1004 1234 Andreae
1023 1202 1096 1233 olim
1114 1202 1246 1239 Uticen„
1261 1213 1343 1233 nunc
1364 1202 1562 1243 Mayalonen.
1580 1212 1661 1243 epo,
1677 1212 1768 1233 conc.
1787 1202 1955 1234 absolutio
1970 1211 2043 1242 quae
2061 1203 2182 1234 citatur
2199 1211 2240 1241 s.‚

640 1265 675 1287 n.
693 1257 785 1288 9060.
807 1256 858 1295 (A.
879 1258 928 1292 11,
948 1256 1094 1294 f.2841›;
1117 1256 1153 1287 V.
1169 1258 1221 1294 69,
1235 1265 1288 1296 ep.
1307 1257 1367 1287 405
1384 1255 1439 1295 A.)

685 1306 796 1338 9064.
818 1309 961 1340 -Idem
979 1318 1071 1341 conc.
1091 1308 1254 1340 Guillelmo
1281 1319 1351 1350 ep.o
1372 1309 1527 1339 Biterren.
1550 1310 1602 1349 (A.
1623 1311 1672 1346 11,
1690 1309 1713 1339 s.
1730 1310 1789 1340 284
1808 1309 1838 1347 ¹³5
1863 1309 1898 1339 V.
1917 1311 1967 1346 69,
1986 1317 2037 1348 ep.
2052 1310 2112 1340 405
2129 1309 2183 1349 B.)

685 1413 796 1445 9065.
815 1431 852 1437 -
869 1415 1031 1446 Guillelmo
1048 1415 1217 1454 Benedicti,
1242 1424 1334 1447 mon.
1348 1416 1494 1446 monast.
1515 1415 1615 1446 Cellae
1632 1424 1738 1455 prope
1753 1416 1890 1452 Trecas,
1907 1415 1945 1446 O.
1964 1415 1997 1446 S.
2014 1416 2065 1452 B.,
2083 1416 2124 1446 ad
2141 1424 2242 1455 quem

640 1468 681 1499 de
695 1469 733 1500 Ο.
754 1469 792 1500 F.
809 1469 854 1500 M.
876 1477 918 1500 ex
944 1469 1096 1508 dispens.
1120 1469 1315 1509 Berengarii
1339 1468 1406 1508 ep.i
1432 1468 1617 1500 Tusculan.
1645 1469 1685 1500 de
1713 1469 1826 1499 mand.
1846 1468 2032 1500 Clementis
2062 1469 2129 1499 PP.
2147 1469 2178 1500 V
2205 1477 2242 1500 se

639 1522 827 1560 transtulit,
857 1522 1080 1561 dispensatio,
1095 1522 1224 1553 consid.
1244 1522 1351 1562 eJusd.
1378 1522 1457 1562 epi,
1476 1523 1513 1553 ut
1531 1523 1653 1561 praeter
1668 1522 1837 1561 quoddam
1853 1521 1977 1559 benef„
1999 1522 2037 1554 O.
2054 1522 2087 1553 S.
2104 1523 2155 1559 B.,
2173 1530 2242 1553 mo·

640 1575 757 1606 nachis
775 1575 944 1615 assignari
959 1576 1172 1611 consuetum,
1190 1576 1278 1615 quod
1295 1577 1473 1606 assecutus
1491 1575 1567 1610 suit,
1585 1575 1677 1606 aliud
1694 1575 1805 1606 benef.
1824 1584 1851 1607 c.
1869 1584 1896 1606 c.
1916 1575 1969 1606 vel
1991 1584 2018 1605 s.
2037 1584 2078 1612 c.,
2095 1575 2196 1606 etiam
2212 1574 2241 1605 si

641 1629 745 1668 dign,
766 1630 968 1668 personatus
989 1630 1045 1660 aut
1062 1629 1235 1668 prioratus
1252 1629 1486 1660 conventualis
1503 1629 1640 1664 existat,
1657 1629 1688 1659 et
1704 1629 1745 1659 ad
1761 1628 1846 1659 illud
1861 1628 1954 1668 prior
1969 1637 2028 1668 per
2043 1628 2241 1659 electionem

640 1682 743 1713 fuerit
760 1683 1000 1716 assumendus,
1019 1682 1169 1722 recipere
1187 1683 1220 1713 et
1234 1682 1380 1713 retinere
1399 1682 1521 1713 valeat.
1537 1682 1590 1722 (V.
1609 1683 1660 1719 69,
1678 1690 1730 1721 ep.
1750 1681 1838 1722 809.)

685 1733 796 1764 9066.
815 1754 852 1758 -
867 1736 1050 1766 Decretum
1066 1744 1126 1775 per
1142 1735 1232 1775 quod
1246 1735 1515 1775 appellationum
1533 1735 1574 1766 ad
1590 1735 1622 1766 S.
1641 1735 1683 1766 A.
1700 1735 1953 1775 interjectarum
1973 1743 2033 1775 per
2056 1734 2243 1766 Robertum

641 1789 800 1820 comitem
819 1788 987 1820 Flandriae
1005 1790 1122 1819 contra
1147 1788 1359 1828 Philippum,
1380 1797 1494 1829 regem
1518 1789 1739 1826 Francorum,
1758 1788 2072 1828 prosequendarum
2090 1789 2244 1827 tempora

641 1842 748 1882 ajure
769 1842 896 1873 statuta
911 1850 1019 1881 usque
1037 1841 1078 1872 ad
1095 1850 1220 1872 annum
1241 1850 1308 1873 non
1324 1843 1472 1873 currant.
1488 1842 1539 1879 (A.
1559 1844 1607 1879 11,
1628 1842 1650 1872 f.
1670 1843 1728 1873 253
1749 1847 1782 1878 ³3
1808 1842 1844 1873 V.
1860 1843 1912 1879 69,
1929 1851 1980 1881 ep.
1998 1842 2083 1880 397.)

685 1894 696 1905 ‘
714 1892 825 1923 9067.
843 1913 880 1917 -
900 1895 1077 1925 ΙΙαηοηίεη.
1097 1900 1124 1925 et
1150 1895 1362 1935 Antwerpien.
1379 1895 1412 1924 in
1429 1894 1501 1926 eccl.
1518 1893 1714 1925 Cameracen.
1730 1895 1889 1933 archidds,
1903 1905 1939 1925 ac
1954 1894 2086 1935 officiali
2102 1893 2244 1925 Camera—

642 1958 707 1979 cen.
727 1949 839 1979 mand.
860 1950 896 1979 ut
914 1948 1018 1979 citent
1039 1947 1228 1979 Robertum
1248 1948 1404 1980 comitem
1425 1948 1594 1985 Flandriae
1613 1948 1670 1988 qui
1690 1950 1844 1988 tempore
1865 1957 1994 1989 guerrae
2013 1948 2101 1979 inter
2118 1947 2159 1978 cl.
2177 1956 2243 1979 me.

640 2002 852 2033 Ludovicum
868 2003 907 2033 F.
925 2003 958 2033 et
982 2002 1024 2033 N.
1043 2003 1085 2033 R.
1105 2003 1137 2033 et
1154 2002 1269 2041 ipsum
1295 2001 1452 2033 comitem
1479 2003 1615 2038 exortae,
1633 2011 1760 2033 necnon
1783 2004 1860 2033 ante
1879 2003 1912 2033 et
1930 2003 2005 2041 post
2022 2010 2138 2041 pacem
2157 2001 2244 2032 inter

641 2056 682 2087 cl.
701 2065 765 2087 me.
784 2055 981 2094 Philippum
1001 2063 1126 2094 regem,
1144 2057 1275 2095 patrem
1300 2055 1382 2086 dicti
1404 2055 1578 2093 Ludovici,
1598 2056 1631 2086 et
1651 2056 1762 2087 eumd.
1784 2056 1941 2086 comitem
1965 2055 2069 2092 initae,
2095 2056 2244 2085 castrum

641 2110 681 2140 de
699 2108 828 2146 Alechi,
845 2109 887 2139 ad
902 2109 1088 2139 Tornacen.
1108 2108 1188 2139 eccl.
1209 2108 1346 2148 pertin„
1364 2108 1537 2139 invaserat
1552 2110 1585 2140 et
1603 2109 1716 2140 10000
1733 2109 1792 2139 lib.
1810 2109 1985 2148 parisien„
1999 2108 2098 2148 juxta
2114 2116 2244 2147 compo-

641 2162 802 2194 sitionem
818 2170 878 2201 per
896 2162 1053 2192 comitem
1070 2161 1247 2193 Sabaudiae
1266 2161 1400 2198 factam,
1419 2170 1495 2202 ep.o
1512 2162 1698 2193 'fornacem
1717 2171 1776 2202 pro
1792 2162 1927 2193 damnis
1941 2162 2028 2193 datis
2046 2161 2177 2192 solvere
2195 2170 2242 2192 re·

641 2215 782 2247 cusabat
804 2217 837 2246 et
864 2215 962 2255 plura
987 2215 1055 2246 alia
1079 2215 1202 2246 damna
1227 2215 1373 2245 monast.
1402 2217 1434 2247 et
1461 2215 1540 2246 eccl.
1565 2216 1735 2247 Flamin-iae
1765 2215 1944 2253 inferebat,
1965 2217 2001 2246 ut
2033 2215 2074 2246 ad
2095 2215 2128 2246 S.
2147 2215 2189 2245 A.
2209 2222 2244 2245 se

641 2270 834 2309 praesentet,
855 2268 884 2299 si
902 2268 991 2299 infra
1018 2270 1089 2299 tres
1108 2276 1242 2299 menses
1259 2269 1298 2299 de
1314 2268 1486 2308 praedictis
1503 2268 1650 2300 debitam
1666 2269 1936 2300 satisfactionem
1958 2277 2023 2299 non
2040 2267 2242 2299 exhibuerit.

643 2324 696 2361 (A.
717 2323 766 2359 11,
789 2321 810 2353 t'.
830 2322 890 2352 428
905 2327 938 2359 2¹3
962 2321 993 2352 V.
1008 2323 1059 2356 69.
1077 2329 1129 2361 ep.
1148 2321 1236 2361 409.)

686 2372 798 2403 9068.
818 2392 856 2397 -
870 2374 921 2405 Ad
939 2384 1031 2415 perp.
1055 2374 1100 2404 rei
1117 2384 1204 2404 mem.
1223 2392 1262 2397 -—
1279 2375 1318 2406 In
1337 2374 1511 2406 nonnullis
1530 2376 1610 2407 eccl.
1631 2385 1649 2406 a
1666 2376 1777 2416 longis
1796 2377 1886 2407 retro
1907 2374 2119 2413 temporibus
2135 2374 2245 2404 fuerat

642 2428 858 2459 observatum
884 2429 920 2458 ut
946 2428 1077 2458 fructus
1099 2427 1215 2467 primi,
1234 2428 1287 2458 vel
1315 2428 1454 2459 secundi
1471 2430 1527 2460 aut
1547 2429 1693 2469 alicujus
1709 2429 1952 2469 cujuscumque
1972 2427 2147 2467 sequentis
2164 2427 2243 2457 anui

642 2481 753 2513 benef.
771 2490 841 2512 vac.
865 2481 900 2511 in
916 2481 1015 2516 eisd..
1033 2481 1203 2519 defuncto,
1222 2481 1275 2512 vel
1293 2481 1439 2516 fabricae,
1457 2482 1510 2513 vel
1529 2482 1623 2519 eccl.,
1643 2483 1696 2513 vel
1712 2482 1868 2522 personis
1887 2480 2090 2512 habentibus
2110 2479 2245 2511 annalia

643 2534 902 2575 applicabantur
920 2533 955 2564 in
971 2535 1092 2571 totum,
1113 2534 1154 2565 de
1175 2535 1430 2572 consuetudine,
1447 2535 1627 2576 privilegio
1652 2535 1705 2566 vel
1723 2537 1849 2566 statuto
1874 2535 1921 2565 ita
1938 2533 2028 2574 quod
2044 2533 2095 2564 illi
2112 2533 2169 2572 qui
2185 2532 2245 2563 hu-

639 2587 793 2628 Jusmodi
822 2587 933 2618 benef.
960 2587 1120 2618 canonice
1144 2587 1341 2619 obtinebant
1356 2590 1389 2619 et
1416 2589 1457 2619 ad
1480 2597 1564 2628 quos
1587 2589 1628 2620 de
1643 2589 1717 2628 jure
1744 2588 1830 2619 alias
1850 2587 1980 2618 fructus
2005 2587 2071 2626 ipsi
2091 2587 2243 2625 spectare

644 2640 821 2675 debebant,
846 2639 896 2670 nil
910 2639 1144 2680 percipiebant
1160 2649 1202 2671 ex
1225 2640 1393 2672 fructibus
1411 2642 1620 2678 memoratis,
1637 2642 1724 2672 unde
1742 2641 1827 2671 illud
1845 2641 2066 2679 incongruum
2084 2637 2244 2678 sequeba-

644 2695 699 2725 tur
718 2693 809 2734 quod
827 2694 863 2724 in
883 2693 964 2724 eccl.
984 2693 1020 2724 in
1038 2693 1163 2733 quibus
1180 2693 1371 2725 beneficiati
1397 2696 1493 2726 erant
1515 2695 1556 2726 ad
1582 2694 1847 2734 impendendum
1872 2692 2053 2724 servicium
2079 2691 2244 2728 debitum,

645 2756 710 2778 non
726 2747 882 2786 poterant
898 2746 1073 2778 commode
1090 2747 1252 2778 residere.
1267 2747 1318 2778 Ad
1334 2747 1404 2779 haec
1415 2747 1583 2779 obvianda
1595 2748 1663 2778 PP.
1677 2747 1796 2778 statuit
1810 2748 1846 2777 ut
1858 2746 1908 2777 illi
1921 2746 1978 2786 qui
1995 2745 2102 2776 dictos
2116 2744 2245 2775 fructus

646 2799 712 2831 sibi
734 2800 864 2840 integre
890 2799 1126 2838 vendicabant,
1145 2800 1230 2831 nihil
1247 2809 1288 2831 ex
1316 2801 1366 2832 eis
1386 2801 1476 2832 ultra
1498 2809 1665 2832 summam
1683 2809 1742 2840 pro
1768 2809 1835 2839 qua
1853 2798 2117 2838 unumquodque
2132 2797 2244 2829 benef.

646 2853 799 2893 ipsorum
817 2852 993 2884 consuevit
1010 2852 1044 2884 in
1064 2853 1203 2885 decimae
1221 2853 1390 2885 solutione
1410 2854 1531 2891 taxari,
1554 2854 1719 2893 praetextu
1737 2852 1886 2893 quusvis
1904 2851 2088 2891 privilegii,
2109 2859 2245 2882 consue—

647 2906 776 2938 tudinis
794 2906 848 2937 vel
874 2906 1004 2943 statuti,
1020 2906 1142 2946 quovis
1160 2907 1260 2938 modo
1285 2907 1486 2947 percipiant,
1503 2907 1561 2938 sed
1583 2906 1691 2946 ipsius
1708 2914 1849 2936 summae
1863 2905 2076 2944 perceptione
2093 2904 2161 2935 sint
2178 2912 2246 2934 om-

648 2960 727 2991 nino
744 2959 905 2996 contenti,
920 2959 1015 2990 totali
1031 2959 1167 2991 residuo
1179 2960 1341 3000 praedicta
1361 2959 1592 2992 obtinentibus
1607 2958 1718 2990 benef.
1738 2966 1947 2994 remansuro,
1965 2957 2031 2988 nisi
2052 2957 2166 2988 forsan
2183 2956 2246 2993 illi,

647 3013 706 3054 qui
726 3013 857 3044 tructus
877 3012 971 3052 ipsos
987 3012 1115 3053 integre
1132 3014 1364 3053 perceperant,
1383 3022 1443 3053 pro
1461 3021 1497 3044 se
1518 3012 1657 3043 mallent
1674 3011 1786 3051 ipsum
1799 3010 1921 3042 habere
1938 3010 2124 3047 residuum,
2141 3011 2172 3042 et
2189 3009 2246 3041 ob·
