2592 3562
221 408 326 436 Datum
342 403 527 436 Avenione.

207 614 245 644 u
263 615 298 650 (11
313 613 367 646 id.)
379 613 439 648 jul.
458 612 548 640 ⁴318.

284 659 316 686 T.
333 659 379 692 XI,
394 658 466 685 XIII.

338 932 374 960 Ut
391 941 414 959 s.

297 977 328 1004 T.
349 977 382 1009 X,
398 976 457 1004 ΧΠ.

339 1145 376 1172 Ut
391 1153 415 1171 s.

315 1189 346 1216 T.
367 1189 436 1216 xvl.

340 1677 377 1704 Ut
394 1685 418 1704 s.

324 1722 354 1749 T.
371 1721 430 1748 ΧΠ.

337 1786 375 1814 Ut
397 1793 421 1813 S.

317 1830 348 1857 T.
368 1829 440 1857 XIV.

344 2158 380 2186 Ut
397 2166 421 2186 s.

326 2203 357 2230 Τ.
377 2202 435 2230 ΧΠ.

345 2479 381 2507 Ut
397 2487 422 2506 s.

328 2524 357 2550 T.
380 2523 439 2551 xn.

348 2638 385 2665 Ut
401 2646 424 2665 s.

331 2682 362 2709 Τ.
378 2682 438 2709 ΧΠ.

347 2847 385 2876 Ut
403 2856 426 2876 s.

315 2892 345 2920 T.
363 2892 457 2920 xxvl.

596 316 770 347 JOANNIS
794 316 913 346 PAPAE
935 317 1036 346 XXII.
1061 319 1310 355 (1316-1334).
1334 337 1370 341 —
1395 318 1581 348 LITTERAE
1604 319 1827 350 COMMUNES
2152 326 2212 356 215

616 502 743 542 cipum,
769 502 944 534 Patavien.
966 503 1026 539 di.,
1050 504 1083 534 et
1105 511 1208 542 praep.
1227 503 1415 539 patavien„
1434 512 1471 534 ac
1492 505 1583 534 cant.
1605 504 1790 536 Bituricen.
1814 507 1893 537 eccl.
1920 508 1970 544 (A.
1992 510 2040 546 10,
2061 510 2082 540 f.
2110 512 2167 543 160
2183 517 2212 548 ³;

622 555 658 587 V.
673 557 723 592 68,
740 564 792 595 ep.
812 557 915 594 1945.)

662 606 773 638 7759.
789 626 828 632 --
845 609 993 640 Jacobino
1015 608 1051 639 de
1071 609 1188 639 Losono
1211 609 1323 639 collat.
1343 618 1461 640 canon.
1480 611 1513 640 et
1529 610 1631 648 praeb.
1656 610 1737 641 eccl.
1757 620 1785 641 s.
1803 611 1963 651 Stephani
1983 614 2023 645 de
2039 614 2135 653 Fine,
2153 617 2217 647 Cu-

617 671 707 694 man.
723 662 782 699 di.,
797 670 858 702 per
875 662 957 694 obit.
975 662 1111 693 Paulini
1127 662 1167 693 de
1184 662 1271 693 Fino
1285 670 1338 702 ap.
1356 662 1389 693 S.
1408 663 1447 693 Α.
1462 662 1612 694 defuncti
1626 671 1718 700 vac.;
1734 664 1863 695 consid.
1881 665 2058 697 Guillelmi
2074 676 2101 698 s.
2118 669 2215 700 Nico-

617 715 665 747 lai
679 716 714 746 in
730 715 871 747 Carcere
889 715 1047 747 Tulliano
1063 715 1148 746 diac.
1166 715 1270 752 card„
1288 715 1383 754 cujus
1397 715 1477 746 cler.
1495 717 1527 747 et
1542 715 1648 747 famil.
1666 716 1784 748 existit
1791 726 1800 752 3
1815 726 1882 748 non
1898 717 1985 749 obst.
2002 721 2091 758 quod
2105 720 2215 752 benef.

618 777 646 799 c.
668 777 695 800 c.
714 769 768 800 vel
784 777 811 799 s.
836 778 878 806 c.,
897 769 939 799 ad
961 768 1075 800 collat.
1092 777 1194 808 praep.
1215 770 1247 799 et
1267 768 1367 807 capit.
1390 768 1532 799 Cuman.
1557 771 1741 809 exspectet.
1757 786 1792 791 -
1815 771 1841 801 I.
1864 779 1892 801 e.
1915 780 1959 802 m.
1980 771 2055 803 abb.
2072 777 2215 805 monast.

619 831 648 853 s.
662 821 812 853 Abundii
829 824 925 853 extra
939 830 1055 852 muros
1065 822 1221 857 Cuman.,
1239 830 1276 852 ac
1290 821 1435 861 archipr.
1453 822 1607 859 cuman„
1623 824 1654 854 et
1669 822 1818 854 thesaur.
1836 824 1997 855 Leodien.
2010 826 2090 857 eccl.
2102 827 2153 865 (A.
2169 830 2218 865 10,

594 882 598 886 ⁴
619 875 642 906 f.
660 877 719 907 210
736 875 769 913 ¹³3
790 874 822 907 V.
840 876 890 913 68,
910 884 963 915 ep.
979 876 1057 907 1986
1074 875 1128 915 A.)

664 926 774 957 7760.
795 947 827 952 -
846 929 941 959 Petro
956 928 1062 959 Dulcis
1075 937 1172 968 prov.
1188 937 1306 959 canon.
1323 928 1404 959 eccl.
1418 937 1446 959 s.
1458 928 1558 959 Pauli
1573 929 1614 960 de
1632 937 1660 959 s.
1678 930 1780 961 Paulo
1796 930 2048 969 Fenolhedesii‚
2066 933 2216 964 Electen.

619 983 678 1020 di.,
692 982 756 1013 sub
772 991 869 1022 exsp.
887 981 990 1022 praeb.
1003 1001 1040 1005 —
1051 982 1078 1013 I.
1091 991 1120 1013 e.
1133 990 1178 1013 m.
1194 981 1270 1012 abb.
1291 984 1436 1012 monast.
1455 982 1654 1019 Jocunden„
1670 983 1822 1014 Electen.
1837 984 1896 1021 di.,
1914 985 1947 1015 et
1960 984 2062 1017 Petro
2078 986 2119 1018 de
2138 987 2218 1018 Ver-

619 1036 707 1073 dala,
723 1036 867 1075 archipr.
885 1036 1142 1073 carcassonen„
1157 1044 1194 1066 ac
1205 1035 1392 1066 Bertraudo
1404 1035 1444 1066 de
1457 1044 1483 1066 s.
1496 1035 1654 1071 Genesi0‚
1671 1044 1746 1067 can.
1759 1037 1991 1076 Engolismen.
2010 1039 2089 1070 eccl.
2104 1040 2154 1079 (A.
2169 1041 2217 1079 10,

620 1089 643 1120 f.
662 1090 722 1121 283
738 1095 769 1126 ³3
791 1089 827 1120 V.
842 1089 894 1127 68,
912 1097 963 1129 ep.
980 1088 1087 1124 2052.)

666 1140 778 1171 7761.
795 1160 833 1165 -
850 1142 933 1183 Ep.o
948 1142 1119 1182 Linqonen.
1139 1150 1199 1173 seu
1214 1141 1287 1181 ejus
1305 1141 1432 1172 vicario
1450 1142 1485 1172 in
1500 1141 1738 1182 spiritualibus
1754 1143 1865 1174 mand.
1889 1145 1925 1175 ut
1943 1144 2056 1177 abbati
2074 1148 2216 1179 monast.

621 1204 648 1227 s.
664 1195 765 1227 Pauli
780 1195 951 1227 Bisuntin.
969 1195 1129 1226 concedat
1145 1194 1247 1226 facul.
1266 1195 1405 1235 gerendi
1422 1195 1614 1226 administr.
1631 1195 1739 1234 ejusd.
1760 1198 1904 1227 monast.
1924 1197 2012 1228 sicut
2026 1199 2133 1238 prius,
2152 1208 2219 1231 non

621 1249 708 1280 obst.
736 1249 838 1289 quod,
857 1257 934 1280 cum
958 1250 1097 1288 propter
1121 1255 1306 1279 concursus
1325 1248 1567 1279 confluentium
1594 1248 1636 1279 ad
1657 1248 1786 1280 dictum
1811 1252 1956 1281 monast.
1983 1251 2219 1290 importabiles

621 1311 789 1342 expensas
810 1302 937 1333 evitare
954 1301 1057 1333 vellet
1077 1302 1110 1333 et
1127 1301 1246 1333 abesse
1264 1302 1403 1341 propter
1424 1301 1486 1332 hoc
1509 1301 1551 1332 ab
1569 1301 1657 1339 eod„
1678 1302 1864 1333 Henricum
1882 1303 1921 1334 de
1937 1303 2127 1344 Savigneio,
2145 1315 2218 1337 can.

621 1356 729 1396 ejusd.
749 1356 894 1386 monast.
913 1356 1167 1395 procuratorem
1182 1354 1408 1391 constituerit,
1427 1354 1579 1394 praestito
1592 1354 1784 1394 juramento
1800 1356 1889 1395 quod
1908 1365 1985 1387 eum
2003 1366 2070 1388 non
2087 1367 2221 1390 revoca-

621 1411 672 1440 ret
687 1417 796 1448 usque
811 1408 853 1439 ad
868 1418 890 1438 x
905 1416 1023 1439 annos.
1043 1407 1174 1438 Abbate
1190 1409 1302 1438 autem
1318 1407 1459 1447 degente
1476 1416 1536 1447 per
1551 1416 1676 1438 annum
1695 1417 1772 1439 cum
1788 1409 1930 1440 dimidio
1947 1411 1979 1441 et
1993 1410 2071 1449 plus
2086 1420 2128 1442 ex
2145 1421 2221 1443 cau—

621 1462 671 1493 sis
686 1462 858 1502 praedictis
873 1463 968 1493 extra
985 1464 1131 1492 monast.
1149 1462 1387 1497 memoratum,
1408 1461 1520 1492 dictus
1538 1461 1707 1492 Henricus
1724 1461 1839 1502 inique
1863 1462 1896 1493 in
1913 1464 2097 1495 commissa
2115 1466 2221 1496 admi-

622 1515 720 1546 nistr.
747 1523 783 1546 se
805 1514 924 1554 gessit,
950 1513 1178 1545 obedientiam
1205 1513 1354 1545 debitam
1381 1514 1449 1553 ipsi
1474 1514 1669 1554 impendere
1693 1523 1865 1552 recusans,
1892 1517 1924 1547 et
1944 1517 2097 1548 canonici
2119 1518 2221 1549 etiam

622 1568 733 1608 ipsius
755 1569 914 1603 monast..
939 1569 1074 1607 pastore
1096 1568 1261 1602 carentes,
1287 1566 1375 1598 bona
1399 1567 1589 1606 dilapidant
1615 1569 1647 1599 et
1671 1572 1886 1599 consumunt.
1916 1570 1968 1606 (A.
1995 1571 2043 1607 10,
2068 1571 2091 1601 f.
2109 1572 2168 1602 229
2189 1571 2221 1609 ¹³3

628 1622 663 1653 V.
683 1624 734 1659 68,
753 1631 806 1661 ep.
824 1621 929 1661 2087.)

668 1672 777 1704 7762.
796 1691 832 1696 —-
848 1673 1011 1705 Guillelmo
1027 1673 1094 1703 abb.
1110 1678 1237 1703 monast.
1253 1673 1367 1704 Montis
1379 1673 1510 1714 Major-is
1521 1674 1564 1704 ad.
1575 1675 1615 1706 R.
1631 1674 1668 1705 E.
1682 1674 1777 1705 nullo
1789 1675 1901 1706 medio
1916 1676 2053 1715 pertin.,
2068 1677 2106 1708 O.
2119 1677 2152 1708 S.
2168 1678 2221 1715 B.‚

622 1728 794 1760 Arelaten.
814 1727 874 1763 di.,
893 1727 993 1758 facul.
1011 1726 1156 1757 habendi
1169 1727 1227 1757 alt.
1244 1726 1412 1766 portatile.
1439 1727 1491 1765 (A.
1510 1728 1559 1766 10,
1578 1727 1600 1758 f.
1617 1728 1673 1759 261
1693 1727 1724 1765 ¹¹5
1747 1727 1783 1759 V.
1800 1729 1851 1766 68,
1868 1737 1919 1768 ep.
1936 1729 2043 1769 2111.)

669 1779 779 1810 7763.
799 1798 836 1803 -
851 1780 963 1811 Mand.
985 1779 1088 1820 judici
1102 1779 1243 1820 yenerali
1256 1780 1348 1810 curiae
1362 1780 1488 1810 rectoris
1509 1781 1669 1810 comitatus
1697 1780 1861 1821 Venaysim'
1879 1783 1915 1813 ut
1936 1785 2075 1822 nepotes
2098 1785 2130 1814 et
2147 1792 2223 1814 con-

624 1835 828 1875 sanguineos
845 1833 970 1873 quond.
990 1833 1167 1864 Bertrandi
1188 1833 1460 1873 Malisanguinis‚
1479 1832 1556 1864 abb.
1572 1835 1718 1864 monast.
1736 1834 1863 1865 Montis
1879 1835 2031 1875 Maj0ris,
2049 1837 2220 1867 Arelaten.

624 1889 684 1925 di.,
707 1887 765 1927 qui
783 1896 941 1927 magnum
957 1886 1155 1917 thesaurum
1178 1886 1214 1917 in
1232 1887 1376 1925 pecunia
1398 1887 1431 1917 et
1453 1886 1545 1917 vasis
1563 1887 1732 1926 argenteis
1750 1888 2006 1925 consistentem,
2029 1889 2071 1920 ad
2095 1890 2223 1921 dictum

624 1943 770 1972 monast.
789 1941 1010 1979 spectantem,
1031 1939 1066 1970 in
1084 1940 1195 1970 castro
1210 1939 1252 1970 de
1269 1938 1456 1975 Miromari,
1473 1939 1646 1970 Arelaten.
1672 1940 1732 1977 di.,
1748 1949 1878 1972 necnon
1894 1942 1975 1973 6000
1991 1943 2224 1974 saumatarum

624 1994 718 2025 bladi
737 1994 772 2024 in
791 1995 902 2024 castro
926 1993 967 2024 de
984 1992 1155 2029 Pertusio‚
1173 1992 1304 2032 Aquen.
1330 1992 1390 2028 di.,
1414 1992 1563 2032 reposita
1580 1994 1789 2032 acceperant,
1809 1995 1841 2025 et
1866 2002 1927 2034 pro
1945 1995 2043 2026 libito
2060 1995 2224 2028 distraxe-

625 2049 711 2084 rant,
737 2048 779 2078 ad
802 2046 1080 2077 satisfaciendum
1110 2045 1185 2076 abb.
1219 2046 1421 2083 successori,
1452 2045 1680 2085 appellatione
1706 2049 1847 2084 remota,
1873 2048 2065 2087 compellat.
2094 2049 2146 2088 (A.
2173 2050 2222 2087 10,

625 2101 648 2132 f.
663 2102 719 2133 261
739 2100 771 2138 b;
794 2099 827 2131 V.
844 2101 894 2136 68,
914 2107 966 2139 ep.
982 2099 1087 2135 2112.)

670 2150 781 2182 7764.
801 2170 838 2175 -
854 2152 967 2184 Mand.
992 2151 1085 2182 Vitali
1100 2152 1147 2182 tit.
1172 2162 1197 2181 s.
1215 2151 1343 2182 Martini
1360 2152 1394 2182 in
1419 2152 1570 2182 montibus
1586 2152 1689 2193 presb.
1714 2153 1797 2184 card.
1827 2154 1862 2184 ut
1886 2154 2069 2186 nonnullos
2094 2155 2173 2186 cler.
2192 2157 2224 2187 et

625 2208 731 2240 laicos
749 2206 807 2246 qui
824 2207 903 2238 1300
922 2207 1155 2237 saumatarum
1168 2205 1273 2242 bladi,
1287 2206 1328 2236 84
1345 2205 1457 2245 petias
1472 2206 1614 2245 argenti,
1632 2208 1652 2237 9
1665 2206 1809 2238 annulos
1825 2215 1957 2244 aureos,
1971 2217 2075 2239 unam
2091 2217 2224 2240 crucem

625 2263 658 2293 et
676 2261 754 2292 1100
768 2260 841 2291 flor.
859 2259 933 2290 auri
953 2267 1013 2298 per
1031 2258 1212 2290 Isnardum
1238 2260 1384 2290 monast.
1404 2258 1672 2299 Montismaj0ris
1688 2259 1763 2290 abb.
1788 2260 1823 2290 in
1837 2260 1926 2292 dIcto
1942 2262 2054 2292 castro
2069 2262 2109 2292 de
2126 2262 2225 2293 Miro-

625 2314 711 2345 mari
728 2313 897 2353 repositos
912 2312 1066 2352 nequiter
1084 2312 1352 2351 asportaverant,
1372 2312 1414 2343 ad
1431 2312 1679 2344 restituendum
1695 2314 1728 2344 et
1742 2313 2023 2345 satisfaciendum
2039 2314 2224 2346 Guillelmo

626 2366 706 2398 dicti
733 2366 867 2397 Isnardi
894 2364 1084 2396 successori
1109 2364 1336 2404 appellatione
1362 2365 1492 2395 remota
1519 2364 1712 2404 compellat.
1744 2366 1795 2406 (A.
1829 2367 1879 2403 10,
1907 2366 1929 2396 f.
1957 2368 2019 2399 262
2045 2372 2073 2403 ‘²3
2110 2367 2145 2398 V.
2171 2369 2223 2406 68,

626 2428 678 2460 ep.
697 2421 777 2450 2113
793 2418 849 2458 A.)

672 2470 783 2501 7765.
804 2489 842 2494 -
859 2471 937 2502 Eid.
954 2471 1066 2502 mand.
1082 2472 1118 2502 ut
1133 2471 1267 2502 revocet
1281 2470 1496 2502 venditiones
1517 2470 1684 2502 bonorum
1704 2472 1858 2511 praedicti
1882 2474 2027 2503 monast.
2049 2481 2069 2503 a
2085 2473 2224 2512 praefato

627 2525 704 2558 abb.
724 2526 830 2557 factas
848 2533 956 2565 usque
977 2524 1019 2555 ad
1037 2532 1206 2555 summam
1223 2524 1303 2555 6000
1322 2523 1394 2555 flor.
1421 2524 1495 2555 auri
1513 2524 1707 2564 nepotibus,
1726 2525 1999 2565 consanguineis,
2025 2526 2175 2566 cognatis
2191 2527 2224 2557 et

627 2579 735 2611 famil.
755 2579 839 2614 suis,
860 2577 1056 2618 irrequisito
1074 2585 1242 2608 consensu
1258 2585 1353 2608 conv,
1370 2577 1425 2616 (A.
1443 2578 1492 2614 10,
1508 2577 1531 2608 f.
1547 2579 1608 2609 262
1622 2577 1651 2614 ¹³3
1675 2577 1709 2608 V.
1726 2579 1777 2614 68,
1796 2587 1848 2617 ep.
1863 2579 1942 2609 2113
1958 2578 2012 2617 Β.)

673 2629 784 2661 7766.
805 2649 845 2654 -
869 2629 943 2662 Eid.
973 2630 1085 2662 mand.
1113 2631 1150 2661 ut
1169 2638 1205 2661 se
1224 2630 1385 2661 informet
1406 2632 1439 2662 et
1463 2631 1585 2662 referat
1604 2630 1644 2662 de
1665 2631 1740 2670 jure
1764 2632 1963 2670 patronatus
1990 2632 2079 2671 quod
2096 2631 2225 2663 dictum

628 2687 773 2717 monast.
789 2686 821 2716 et
837 2684 1007 2724 prioratus
1024 2683 1135 2714 eidem
1147 2683 1291 2723 subjecti
1306 2683 1342 2714 in
1359 2683 1535 2715 nonnullis
1551 2683 1632 2715 eccl.
1647 2683 1836 2723 antiquitus
1849 2683 2013 2720 obtinent,
2029 2692 2107 2715 nam
2121 2684 2225 2716 abbas

629 2740 662 2771 et
677 2747 772 2770 conv.
792 2738 1022 2777 exposuerunt
1039 2736 1140 2776 quod,
1155 2745 1194 2768 eo
1208 2736 1284 2776 jure
1300 2745 1367 2768 non
1383 2736 1483 2772 obst„
1500 2736 1672 2768 diocesani
1687 2736 1838 2768 locorum
1855 2736 1935 2768 eccl.
1953 2736 2057 2776 ipsas,
2077 2746 2152 2768 cum
2167 2746 2225 2768 va-

629 2794 718 2830 cant,
733 2792 774 2822 de
790 2791 877 2822 facto
899 2790 1087 2821 conferunt.
1106 2789 1159 2830 (A.
1178 2791 1226 2827 10,
1244 2790 1267 2820 f.
1284 2791 1344 2822 262
1358 2789 1388 2827 b;
1410 2789 1446 2821 V.
1461 2790 1511 2828 68,
1530 2798 1582 2829 ep.
1599 2791 1678 2821 2113
1694 2790 1745 2828 C.)

674 2842 784 2874 7767.
800 2860 838 2865 -
853 2843 942 2875 Unio
958 2842 1038 2874 eccl.
1058 2842 1104 2874 di.
1122 2842 1335 2874 ventabrens
1349 2851 1426 2874 cum
1442 2843 1550 2874 rurali
1563 2842 1643 2873 eccl.
1663 2850 1692 2873 s.
1708 2841 1884 2873 Michaelis
1901 2842 1941 2872 de
1956 2843 2077 2879 Vouta,
2093 2851 2223 2874 necnon

630 2899 671 2930 de
687 2897 826 2934 Aculea,
848 2898 978 2936 Aquen.
1001 2895 1060 2933 di.,
1079 2895 1166 2927 facta
1181 2896 1296 2928 favore
1313 2896 1507 2927 camerariae
1523 2895 1655 2926 abbatis
1671 2899 1799 2925 monast.
1817 2894 2056 2935 Montismaj0ris
2069 2895 2111 2926 ad
2124 2896 2163 2926 B.
2180 2896 2224 2926 Ε.

630 2951 715 2982 nullo
741 2950 838 2981 medio
858 2949 990 2990 pertin„
1021 2948 1055 2979 Ο.
1078 2949 1115 2979 S.
1141 2949 1193 2986 B.‚
1217 2948 1374 2979 Arelaten.
1402 2947 1459 2984 di.,
1489 2949 1524 2979 in
1547 2947 1895 2987 recompensationem
1916 2948 1997 2980 eccl.
2020 2957 2047 2979 s.
2072 2949 2166 2980 Petri
2185 2949 2226 2982 de
