2592 3562
243 445 347 472 Datum
360 439 385 473 A
392 440 543 472 venione.

280 651 319 679 30
338 654 391 678 oct.
417 650 506 678 1318.

282 700 328 732 (ιιι
346 696 406 723 kal.
428 695 508 727 nov.)

338 741 369 768 T.
393 739 449 767 XX.

354 812 390 840 Ut
409 821 432 839 s.

318 856 350 886 Τ.
368 855 466 884 xxlv.

357 1450 390 1478 Ut
408 1458 431 1477 s.

298 1495 328 1522 T.
347 1495 408 1530 XII,
425 1495 497 1522 XIV.

358 1876 394 1904 Ut
408 1884 432 1905 s.

296 1921 326 1948 T.
348 1921 407 1955 XII,
427 1921 496 1948 XIV.

288 2195 325 2222 31
342 2197 396 2222 oct.
419 2194 507 2223 1318.

283 2268 285 2270 ,
299 2241 332 2273 (ιι
343 2239 402 2267 kal.
415 2239 496 2273 nov.)

292 2284 323 2311 T.
340 2284 411 2318 x1v,
430 2284 501 2312 XVI.

354 2408 391 2436 Ut
407 2416 434 2436 s.

343 2453 373 2479 Τ.
392 2452 450 2480 ΧΧ.

243 2568 256 2594 Ι
275 2567 358 2603 (kal.)
375 2575 439 2595 nov.
461 2567 548 2595 1318.

305 2612 336 2638 T.
353 2612 399 2645 xl,
417 2612 487 2639 XIII.

366 2885 402 2914 Ut
419 2894 444 2914 s.

337 2931 368 2958 T.
391 2931 460 2958 xlv.

615 350 789 382 JOANNIS
812 348 931 380 PAPAE
952 348 1054 378 xxii.
1079 347 1329 388 (1316-1334).
1352 365 1390 370 —
1413 347 1600 377 LITTERAE
1623 347 1846 378 COMMUNES
2176 352 2236 383 299

639 543 671 573 et
686 541 790 581 praeb.
806 540 888 573 eccl.
905 549 932 571 s.
948 540 1040 572 Petri
1057 539 1245 579 Augusten.
1262 538 1423 569 dimittat.
1441 556 1477 561 -
1492 538 1518 568 I.
1538 547 1567 569 e.
1588 546 1633 569 m.
1650 547 1754 578 praep.
1780 539 1966 577 Colonien.‚
1986 541 2018 571 et
2031 540 2179 573 thesaur.
2200 552 2236 573 ac

637 595 774 626 scolast.
793 595 980 634 Augusten.
999 593 1081 625 eccl.
1099 593 1150 630 (A.
1171 595 1219 628 11,
1246 591 1268 622 f.
1290 593 1347 623 105
1363 591 1395 628 ¹¹3
1419 591 1455 622 V.
1475 593 1525 627 69,
1544 599 1597 630 ep.
1616 591 1698 630 160.)

682 645 793 676 8612.
809 665 847 671 —
861 647 977 678 Facul.
998 645 1159 678 Guillelmo
1172 655 1242 686 ep.o
1265 644 1420 675 Valentia.
1438 650 1465 674 ει
1483 644 1572 675 Dien.
1594 644 1739 675 faciendi
1754 645 1859 684 recipi
1873 645 1908 676 in
1926 655 1998 677 can.
2014 647 2098 678 duas
2121 657 2235 688 perso-

638 709 699 732 nas
715 701 782 741 ipsi
795 700 988 736 benevisas‚
1000 708 1102 731 unam
1119 699 1152 730 in
1172 707 1234 730 sua
1251 698 1350 729 Dien.
1365 699 1398 728 et
1412 697 1514 728 aliam
1528 697 1563 728 in
1580 706 1607 728 s.
1622 698 1716 728 Petri
1729 697 1769 728 de
1785 698 1896 738 Burgo
1907 699 2080 731 Valentin.
2094 702 2188 736 eccl.,
2200 703 2236 733 in

639 753 764 794 quibus
781 763 854 785 can.
873 761 1037 784 numerus
1051 754 1083 784 et
1093 751 1197 792 praeb.
1209 751 1384 782 distinctio
1400 759 1467 782 non
1476 750 1653 782 habentur.
1671 750 1724 787 (A.
1743 752 1792 786 11,
1810 751 1832 782 f.
1851 753 1908 783 116
1923 751 1957 789 b;
1975 753 2010 784 V.
2021 756 2071 789 69,
2090 757 2236 795 ep.216.)

683 805 794 836 8613.
813 823 852 829 —-
867 806 946 838 Abb.
963 810 1089 837 monast.
1109 815 1133 836 s.
1156 804 1261 845 Ruphi
1288 803 1442 835 Valentin.
1462 804 1574 835 mand.
1601 812 1662 843 pro
1686 804 1903 837 concessione
1933 805 2033 837 facul.
2065 809 2236 840 moxdicto

639 860 812 892 Valentin.
830 862 862 892 et
877 860 977 891 Dien.
995 868 1071 899 ep.o
1087 858 1275 890 tribuendae
1293 857 1461 889 vendendi
1478 857 1512 888 in
1530 857 1621 888 civit.
1638 857 1811 889 Valentia.
1829 859 2010 897 quamdam
2026 861 2237 900 servitutem,

639 913 772 945 civibus
797 914 895 945 valde
922 913 1088 950 odiosam,
1109 911 1267 942 videlicet
1292 911 1381 951 quod
1406 911 1523 942 nullus
1548 910 1724 942 mensibus
1748 911 1811 950 jul.
1834 913 1866 943 et
1888 920 1964 952 aug.
1990 913 2069 944 vina
2092 915 2239 947 vendere

639 967 761 1007 possit,
792 968 850 998 100
874 966 980 997 libras
1003 965 1178 997 annuatim
1206 973 1272 995 non
1301 964 1572 996 excedentemet
1590 964 1737 1003 pretium
1765 966 1982 997 convertendi
2004 967 2039 997 in
2068 969 2238 1008 emptione

640 1020 745 1051 castri
760 1019 979 1052 Castellionis
995 1027 1071 1050 cum
1088 1018 1188 1050 feudo
1203 1019 1236 1049 et
1256 1019 1386 1049 resorto
1403 1019 1591 1049 castrorum
1609 1018 1642 1048 et
1659 1017 1810 1048 locorum
1824 1019 2047 1057 Trescanunt‚
2062 1021 2238 1060 Archiam,

641 1082 678 1104 ac
698 1073 738 1104 de
754 1073 916 1105 Noheriis
931 1073 963 1104 et
979 1073 1020 1103 de
1036 1071 1239 1103 Mahensach
1253 1080 1326 1111 quae
1345 1072 1424 1101 sunt
1439 1071 1479 1101 de
1495 1070 1595 1101 feudo
1611 1070 1712 1110 capit.
1729 1071 1841 1109 Dien„
1862 1081 1899 1103 ac
1913 1073 2036 1112 pertin.
2058 1074 2100 1105 ad
2115 1075 2240 1114 princi-

641 1135 718 1166 pem
736 1126 935 1158 Aurasicen.
952 1126 1010 1165 qui
1028 1125 1117 1156 dicta
1139 1126 1261 1162 castra,
1281 1124 1347 1155 sita
1362 1124 1397 1154 in
1421 1124 1533 1155 medio
1556 1126 1654 1155 terrae
1671 1124 1768 1155 Dien.
1790 1125 1884 1162 eccl.,
1901 1127 2046 1158 vendere
2067 1136 2103 1160 se
2119 1137 2240 1169 propo-

640 1179 751 1211 nebat.
770 1180 821 1219 (Α.
844 1182 893 1217 11,
912 1179 935 1210 f.
954 1181 1011 1209 117
1030 1184 1063 1216 ¹³3
1087 1178 1123 1209 V.
1138 1180 1189 1214 69,
1207 1186 1258 1217 ep.
1275 1177 1361 1216 217.)

686 1231 797 1263 8614.
816 1252 853 1257 -
870 1233 1053 1265 Concessio
1079 1232 1227 1273 praede'cto
1245 1241 1315 1272 ep.o
1339 1234 1375 1263 ut
1394 1231 1632 1262 charitativum
1650 1232 1856 1269 subsidium,
1874 1233 1909 1264 in
1935 1235 2141 1274 emptionem
2158 1246 2240 1277 quo-

641 1287 798 1319 rumdam
821 1288 1010 1318 castrorum
1035 1286 1077 1317 ad
1098 1286 1288 1326 principem
1313 1285 1513 1317 Aurasicen.
1540 1286 1663 1324 pertin.
1690 1287 1964 1323 convertendum,
1986 1297 2005 1318 a
2023 1297 2114 1328 pers.
2136 1291 2241 1322 eccle-

642 1340 738 1371 siast.
754 1340 921 1371 dictarum
938 1340 998 1377 di.,
1016 1339 1142 1379 absque
1158 1342 1270 1370 tamen
1287 1338 1520 1378 compulsione
1533 1338 1658 1379 aliqua,
1669 1335 1818 1378 recipere
1836 1340 1957 1379 possit.
1969 1342 2023 1381 (A.
2038 1344 2086 1380 11,
2100 1342 2121 1374 f.
2135 1344 2195 1375 219
2206 1344 2239 1381 b;

646 1393 682 1424 V.
698 1395 749 1430 69,
768 1402 821 1433 ep.
841 1395 926 1432 272.)
2286 1384 2288 1386 ’

686 1444 798 1475 8615.
820 1465 856 1470 -
874 1446 994 1478 Collat.
1012 1453 1130 1477 canon.
1155 1445 1235 1476 eccl.
1263 1444 1449 1481 Valentin.¹
1468 1444 1502 1475 in
1526 1453 1593 1484 qua
1609 1446 1720 1476 certus
1737 1454 1808 1476 can.
1826 1454 1989 1478 numerus
2005 1449 2037 1479 et
2052 1449 2154 1487 praeb.
2173 1450 2240 1481 dis-

643 1500 760 1532 tinctio
778 1508 844 1531 non
861 1499 1039 1536 habentur,
1057 1497 1219 1529 Guillelmo
1231 1497 1266 1528 de
1282 1497 1458 1535 Cheveluto,
1468 1497 1634 1539 jurisper„
1651 1498 1715 1529 sub
1730 1507 1826 1538 exsp.
1841 1499 1946 1539 dign,
1964 1509 2024 1532 seu
2039 1505 2242 1541 personatus

641 1553 696 1584 vel
712 1553 766 1584 off.
785 1562 814 1585 c.
833 1562 861 1584 c.
879 1553 932 1583 vel
949 1561 977 1583 s.
996 1561 1024 1583 c.
1041 1553 1076 1583 in
1091 1552 1165 1584 ead.
1188 1552 1287 1589 eccl.;
1305 1560 1371 1582 non
1388 1551 1474 1582 obst.
1499 1552 1589 1591 quod
1605 1552 1640 1582 in
1667 1551 1740 1583 ead.
1758 1552 1838 1583 eccl.
1856 1562 1874 1584 a
1889 1552 2000 1585 tribus
2015 1555 2170 1594 partibus
2192 1565 2242 1588 ca-

641 1607 702 1647 pit.
725 1606 807 1637 olim
829 1607 985 1646 receptus
1012 1606 1047 1637 in
1070 1614 1141 1637 can.
1167 1605 1316 1636 extiterit
1337 1605 1370 1636 et
1393 1605 1582 1636 chorariam
1605 1605 1767 1643 obtineat,
1786 1614 1823 1636 ac
1845 1606 1881 1637 in
1901 1615 1929 1637 s.
1953 1607 2046 1638 Petri
2068 1609 2109 1640 de
2129 1610 2241 1650 Burgo

642 1660 815 1691 Valentin.
834 1668 952 1691 canon.
969 1660 1002 1690 et
1017 1659 1052 1690 in
1072 1659 1282 1691 Maurianen.
1297 1659 1378 1690 eccl.
1398 1667 1515 1690 canon.
1533 1660 1566 1690 et
1583 1658 1685 1698 praeb.
1697 1668 1706 1696 3
1720 1659 1855 1698 paroch.
1875 1661 1988 1691 autem
2004 1661 2085 1692 eccl.
2103 1663 2144 1693 de
2159 1663 2242 1695 Che-

641 1713 767 1751 veluto‚
785 1713 948 1745 Bellicen.
964 1713 1024 1748 di.,
1043 1714 1094 1752 (40
1122 1711 1181 1743 lib.
1200 1711 1283 1752 tur.)
1301 1711 1462 1743 dimittat.
1480 1708 1556 1742 -Ὶ-
1574 1721 1603 1742 e.
1621 1721 1666 1743 m.
1686 1712 1762 1743 abb.
1780 1714 1925 1744 monast.
1946 1722 1972 1744 S.
1988 1714 2102 1754 Ruphi
2120 1716 2242 1747 Valen-

642 1766 718 1804 tin.‚
742 1768 774 1798 et
791 1766 897 1806 priori
916 1775 944 1797 s.
968 1765 1144 1797 Saturnini
1168 1766 1208 1797 de
1234 1765 1352 1802 Portu,
1375 1765 1507 1797 Uticen.
1526 1765 1586 1801 di.,
1603 1774 1640 1796 ac
1665 1765 1791 1797 decano
1808 1767 1889 1797 eccl.
1909 1767 2106 1808 Lugdunen.
2122 1768 2171 1810 (A.
2193 1771 2241 1806 11,

643 1820 665 1851 f.
684 1821 743 1851 182
757 1825 792 1856 ³3
814 1819 850 1850 V.
866 1821 917 1854 69,
936 1828 988 1859 ep.
1007 1819 1092 1858 282.)

686 1871 797 1902 8616.
815 1890 855 1895 -
870 1873 995 1904 Indult.
1016 1882 1095 1912 moq.
1113 1872 1227 1902 loanni
1245 1871 1280 1902 de
1294 1871 1451 1909 proliaco,
1472 1882 1541 1902 can.
1562 1871 1770 1910 Cameracen„
1786 1874 1823 1904 ut
1839 1873 1969 1905 fructus
1984 1874 2086 1914 praeb.
2108 1884 2193 1916 quas
2209 1876 2244 1907 in

643 1927 859 1958 cameracen.
880 1928 912 1958 et
935 1935 964 1957 s.
980 1926 1136 1962 Quintini
1162 1926 1196 1956 in
1223 1925 1458 1962 Viromandia,
1481 1925 1683 1957 Noviomen.
1705 1925 1765 1963 di.,
1791 1926 1871 1958 eccl.
1897 1926 2038 1964 obtinet,
2056 1937 2075 1959 a
2097 1938 2157 1960 vni
2173 1930 2243 1961 kal.

639 1980 703 2020 jul.
733 1979 888 2020 proxime
912 1979 1090 2019 praeteriti,
1119 1988 1186 2019 qua
1203 1979 1258 2010 die
1282 1978 1346 2011 iter
1371 1979 1413 2010 ad
1439 1979 1473 2011 S.
1492 1979 1532 2010 A.
1553 1987 1571 2010 a
1592 1979 1661 2009 PP.
1687 1980 1827 2010 vocatus
1851 1980 2007 2020 arripuit,
2027 1983 2060 2012 et
2083 1982 2243 2023 deinceps

643 2033 818 2074 quamdiu,
837 2033 872 2064 in
897 2033 1001 2065 Rom.
1017 2033 1120 2064 Curia
1141 2041 1271 2063 moram
1287 2032 1408 2067 trahet,
1429 2032 1557 2072 absque
1577 2032 1763 2063 residentia
1777 2033 1951 2073 percipere
1973 2035 2094 2074 possit.
2113 2052 2151 2058 —-
2168 2037 2194 2067 I.
2213 2045 2243 2067 e.

643 2095 688 2118 m.
706 2095 734 2118 s.
750 2086 884 2118 Atberti
912 2086 1140 2123 Cameracen,
1159 2087 1192 2117 et
1209 2095 1237 2117 s.
1261 2085 1416 2122 Quintini
1435 2085 1470 2116 in
1498 2085 1627 2123 Insula,
1643 2086 1845 2117 Noviomen.
1863 2087 1922 2124 di.,
1940 2090 2085 2120 monast.
2100 2088 2191 2127 abb.‚
2211 2091 2243 2121 et

642 2140 783 2171 Nicolao
801 2139 841 2171 de
859 2140 1019 2178 ceccano,
1038 2148 1110 2171 can.
1127 2138 1324 2170 Atrebaten.
1341 2139 1394 2179 (A.
1413 2140 1462 2176 11,
1479 2138 1502 2170 f.
1520 2141 1580 2170 435
1596 2144 1629 2176 ³;
1649 2139 1684 2171 V.
1703 2141 1753 2175 69,
1774 2148 1826 2179 ep.
1839 2140 1923 2181 457.)

688 2190 799 2222 8617.
816 2210 855 2215 -
869 2193 995 2224 Indult.
1021 2193 1135 2224 Joanni
1151 2192 1186 2223 de
1205 2191 1378 2228 Meleduno,
1394 2192 1509 2223 decano
1525 2196 1553 2222 ec
1575 2202 1644 2223 can.
1666 2192 1740 2224 eccl.
1763 2193 2006 2232 Autisiodoren.,
2019 2195 2148 2226 consid.
2165 2196 2244 2227 Phi-

644 2246 730 2286 lippi
748 2246 839 2286 regis
855 2246 1017 2283 Franciae‚
1036 2247 1194 2286 utusque
1210 2246 1252 2277 ad
1260 2245 1446 2277 triennium
1463 2254 1565 2277 causa
1581 2246 1686 2277 studii
1700 2246 1830 2277 fructus
1847 2247 1901 2278 sui
1917 2248 2100 2280 decanatus
2117 2249 2244 2289 absque

644 2299 829 2331 residentia
846 2299 977 2340 integre
993 2299 1166 2340 percipere
1190 2299 1312 2330 valeat.
1331 2316 1369 2321 -
1384 2299 1411 2330 Ι.
1427 2308 1455 2330 e.
1476 2308 1521 2330 m.
1540 2299 1791 2339 ep.o'Melden.,
1808 2301 1840 2331 et
1855 2300 1932 2331 abb.
1953 2303 2098 2333 monast.
2116 2311 2143 2333 s.
2164 2302 2244 2334 Ger-

645 2353 737 2384 mani
752 2353 793 2384 de
806 2352 920 2384 Pratis
935 2353 1115 2390 Parisien.,
1132 2361 1169 2384 ac
1185 2353 1311 2384 decano
1326 2352 1407 2384 eccl.
1421 2353 1633 2384 Xanctonen.
1661 2354 1713 2391 (A.
1734 2355 1782 2391 11,
1800 2353 1823 2385 f.
1843 2355 1901 2386 163
1919 2353 1932 2375 b
1942 2364 1952 2390 ;
1974 2354 2006 2385 V.
2021 2357 2071 2390 69,
2088 2363 2139 2395 ep.
2157 2356 2244 2391 237.)

690 2403 800 2434 8618.
821 2424 860 2428 -
876 2406 989 2438 Mand.
1015 2405 1173 2447 archiep«)
1191 2406 1347 2436 Senonen.
1368 2407 1406 2437 ut
1423 2406 1586 2446 resignat.
1604 2406 1787 2438 decanatus
1807 2407 1888 2438 eccl.
1914 2407 2166 2439 Autisiodoren.
2184 2417 2244 2447 per

644 2459 810 2490 Joannem
838 2459 879 2490 de
903 2459 1083 2491 Meleduno
1110 2459 1299 2490 faciendam
1315 2459 1464 2499 recipiat,
1482 2459 1677 2499 dictumque
1693 2460 1894 2491 decanatum
1910 2469 2062 2500 personae
2084 2460 2243 2501 Philippo

644 2513 686 2544 R.
705 2513 743 2543 F.
761 2513 794 2543 et
807 2512 851 2544 N.
868 2511 1038 2544 benevisae
1053 2512 1216 2544 conferat.
1233 2513 1283 2551 (A.
1300 2514 1350 2550 11,
1367 2512 1390 2543 f.
1409 2514 1466 2544 165
1483 2518 1516 2549 ³3
1540 2512 1572 2544 V.
1588 2515 1640 2550 69,
1658 2522 1710 2552 ep.
1729 2515 1814 2552 240.)

690 2562 802 2594 8619.
819 2583 857 2587 -
873 2565 973 2596 Prov.
990 2574 1108 2597 canon.
1125 2565 1189 2598 sub
1207 2574 1304 2606 exsp.
1327 2565 1430 2605 praeb.
1450 2567 1482 2597 et
1505 2566 1610 2606 dign„
1629 2575 1689 2597 seu
1716 2567 1930 2606 personatus,
1948 2566 2002 2597 vel
2022 2566 2076 2597 off.
2096 2575 2124 2597 c.
2142 2575 2170 2598 c.
2188 2567 2243 2598 vel

646 2627 673 2650 s.
693 2628 719 2650 c.
736 2618 771 2649 in
793 2618 874 2650 eccl.
893 2618 1092 2650 Laudunen.
1121 2618 1283 2649 Guillelmo
1300 2618 1337 2649 de
1357 2618 1526 2660 Bellojoco,
1551 2627 1654 2659 praep.
1681 2619 1878 2659 Lugdunen.
1904 2620 1936 2650 et
1952 2618 2073 2658 eJusd.,
2089 2619 2244 2650 Matisco-

645 2680 735 2707 nen.,
755 2680 783 2702 s.
799 2671 890 2702 Justi
906 2671 1118 2711 Lugduncn„
1136 2672 1313 2703 Belvacen.
1329 2673 1360 2703 et
1377 2672 1579 2703 Ambianen.
1597 2672 1677 2703 eccl.
1693 2680 1765 2703 can.
1783 2671 1942 2711 praeben„
1961 2671 2067 2711 priori
2084 2672 2124 2703 de
2139 2671 2242 2703 Albu-

645 2726 723 2756 tena
748 2724 946 2765 Lugdunen.
965 2725 1024 2763 di.,
1042 2726 1075 2756 et
1099 2725 1134 2756 in
1152 2726 1233 2756 eccl.
1251 2726 1391 2757 Trecen.
1416 2727 1503 2757 auct.
1522 2727 1630 2765 apost.
1648 2725 1683 2756 in
1701 2733 1772 2756 can.
1794 2726 1926 2764 recepto
1949 2724 2013 2755 sub
2027 2733 2122 2764 exsp.
2137 2725 2240 2765 praeb.

646 2778 721 2810 -I.
740 2786 768 2809 e.
786 2787 830 2810 m.
847 2786 874 2808 s.
892 2778 1034 2809 Joannis
1058 2778 1255 2810 Laudunen.
1280 2780 1313 2810 et
1337 2779 1378 2810 de
1399 2779 1591 2815 BeUaviIla,
1615 2778 1814 2818 Lugdunen.
1838 2777 1899 2815 di.,
1925 2779 2071 2809 monast.
2097 2777 2187 2815 abb.,
2204 2787 2242 2809 ac

646 2832 803 2871 praecent.
820 2831 900 2862 eccl.
918 2831 1117 2871 Lugdunen.
1133 2831 1187 2873 (A.
1210 2834 1258 2868 11,
1277 2831 1300 2862 f.
1320 2833 1377 2863 107
1389 2837 1419 2868 ¹²3
1445 2832 1480 2864 V.
1499 2833 1550 2869 69,
1568 2840 1620 2871 ep.
1640 2832 1726 2870 164.)

690 2882 799 2913 8620.
817 2901 855 2907 --
872 2883 1042 2925 ΑνοΙιίεῃ.ο
1060 2884 1272 2925 Neapolitan.,
1289 2889 1318 2915 et
1336 2885 1502 2916 Grauinen.
1518 2895 1553 2915 ac
1573 2884 1738 2915 Civitaten.
1760 2885 1836 2924 epa'sx
1854 2884 1967 2915 mand.
1984 2884 2022 2915 ut
2038 2884 2243 2924 compellant

646 2937 871 2970 Gaucelinum
887 2937 1036 2977 priorem
1063 2938 1198 2978 capuae,
1219 2938 1404 2970 Ricardum
1426 2938 1597 2975 Venusiae,
1619 2937 1842 2969 Guillelmum
1862 2945 1888 2968 s.
1906 2936 2068 2977 Stephani
2083 2937 2244 2978 Monopo-
2293 2925 2298 2933 “

646 2991 742 3022 litan.
766 2992 799 3022 et
828 2990 1014 3022 Fulconem
1038 2999 1066 3023 s.
1085 2990 1280 3031 Euphemiae
1308 2991 1350 3023 de
1378 2990 1548 3026 Calabria,
1576 2990 1804 3028 Neucastrin.,
1824 2986 2049 3030 praeceptores
2065 2990 2242 3022 domorum

645 3044 838 3085 Hospitalis
848 3053 875 3075 s.
891 3043 1031 3075 Joannis
1043 3044 1315 3076 Jerosolimitani
1328 3044 1363 3075 in
1377 3044 1491 3075 insula
1507 3043 1607 3081 Rodi,
1624 3044 1660 3074 ut
1674 3043 1890 3075 medietatem
1905 3043 2150 3084 responsionis,
2167 3053 2244 3076 con-
