2592 3562
385 328 445 360 392

419 417 523 445 Datum
541 411 725 444 Avenione.

401 613 403 616 ’
465 626 502 654 16
513 625 580 660 jun.
602 623 688 651 1319.

463 674 526 706 (xvi
540 668 598 697 kal.
616 668 684 705 jul.)

533 946 569 974 Ut
590 953 614 972 s.

536 1052 572 1079 Ut
590 1060 614 1078 s.

480 1097 510 1124 T.
526 1097 574 1130 XI,
594 1095 668 1122 XIII.

534 1266 571 1294 Ut
589 1274 612 1293 s.

483 1312 514 1339 T.
533 1311 579 1344 XI,
592 1310 663 1337 XIII.

537 1535 574 1563 Ut
588 1543 612 1562 s.

476 1581 507 1607 Τ.
526 1580 598 1613 XIII,
616 1579 672 1606 XV.

537 1802 573 1830 Ut
593 1810 617 1829 s.

480 1848 510 1875 T.
527 1847 597 1880 XIII,
614 1846 670 1874 XV.

463 1963 578 1997 17jun.
595 1962 683 1989 1319.

474 2010 524 2043 (xv
544 2006 602 2034 kal.
621 2006 689 2042 jul.)

532 2053 562 2079 T.
587 2052 618 2078 Χ.

539 2283 575 2310 Ut
592 2291 615 2310 s.

522 2328 552 2355 T.
570 2328 627 2355 XII.

539 2496 576 2524 Ut
591 2504 614 2523 s.

526 2542 557 2568 T.
573 2541 631 2568 ΧΠ.

533 2763 569 2791 Ut
596 2771 620 2790 s.

510 2808 541 2835 T.
564 2808 643 2835 XXX.

464 2924 501 2952 48
513 2924 582 2958 jun.
605 2923 693 2950 1319.

463 2969 528 3004 (x1v
550 2967 609 2995 kal.
628 2967 697 3003 jul.)

487 3013 517 3039 T.
537 3013 593 3046 xx,
613 3013 668 3039 xx.

791 322 964 355 JOANNIS
989 322 1106 354 PAPAE
1128 321 1230 352 XXII.
1253 321 1502 363 (ww-1384).
1525 338 1564 344 -—
1586 318 1773 351 LITTERAE
1795 316 2021 350 COMMUNES

812 513 898 551 ord.‚
914 521 979 544 non
995 513 1165 552 exempto,
1185 512 1416 544 Ravennaten.
1433 511 1494 549 di.,
1509 513 1544 544 et
1560 511 1590 542 si
1606 519 1680 542 eam
1694 509 1889 542 confirmari
1902 509 2075 549 contingat
2090 507 2133 540 ad
2147 507 2327 549 praesatum
2342 514 2412 539 mo-

813 569 900 598 nast.
919 567 959 598 de
978 566 1112 598 Galiata
1128 564 1341 597 transeundi.
1358 566 1411 607 (Α.
1431 566 1480 600 12,
1497 564 1520 596 f.
1537 565 1597 597 338
1612 569 1646 600 ·;
1675 562 1708 593 V.
1725 564 1776 599 69,
1794 571 1848 603 ep.
1866 562 1972 601 1354.)

857 617 969 649 9566.
993 638 1031 642 -
1047 618 1087 650 Ν,
1106 628 1135 648 υ.
1154 617 1258 649 ononi
1278 617 1315 650 de
1331 617 1550 655 Grmzdzbsono,
1575 615 1652 652 mil„
1669 615 1842 648 absolutio
1857 623 1877 646 a
1891 616 1970 647 voto
1985 613 2230 647 transfretandi
2249 613 2284 645 in
2299 611 2413 646 Terrae

813 674 943 705 Sanciae
960 672 1153 703 subsidium
1167 680 1242 704 cum
1259 672 1416 712 generale
1434 671 1632 711 passagium
1649 663 1745 701 fleret
1763 668 1892 700 emisso
1906 677 1916 706 ;
1932 677 2012 700 nam
2027 667 2102 709 ipse
2117 667 2296 700 attendens
2309 675 2347 699 se
2363 675 2415 698 se-

815 727 870 758 nio
886 727 919 758 et
934 725 1128 757 valetudine
1139 725 1239 766 quasi
1250 725 1461 765 depressum,
1475 723 1696 756 considerans
1706 722 1809 754 etiam
1822 721 1950 753 dictum
1962 721 2159 762 passagium
2174 720 2210 752 in
2220 719 2416 761 proximum
2443 719 2445 722 ⁴

815 780 1011 811 nullatenus
1027 779 1218 816 imminere,
1237 787 1298 819 pro
1319 779 1417 810 dictae
1438 778 1553 810 Terrae
1570 775 1726 808 subsidio
1753 775 1868 807 ¹0.000
1884 774 1959 806 flor.
1984 773 2072 812 auri,
2087 773 2299 814 disponenda
2316 773 2416 814 juxta

818 833 883 865 PP.
911 832 1173 872 beneplacitum.
1198 832 1392 872 assignavit.
1412 832 1512 863 Cone.
1537 829 1639 861 etiam
1662 829 1693 860 ei
1714 828 1794 859 illas
1811 827 1941 868 indulg.
1963 836 2048 868 quas
2069 826 2365 868 proficiscentibus
2380 826 2416 858 in

816 887 929 918 Terrae
943 886 1073 917 Sanciae
1095 885 1287 917 subsidium
1306 885 1339 917 S.
1357 887 1398 917 A.
1418 884 1601 916 concedere
1618 881 1806 914 consuevit.
1823 880 1877 921 (V.
1893 882 1946 917 69,
1961 889 2015 920 ep.
2032 882 2116 920 767.)

861 937 971 968 9567.
988 938 1114 970 -Εἱά,
1132 947 1224 970 conc.
1243 941 1280 970 ut
1295 938 1470 970 confessor
1486 945 1584 974 suus,
1600 934 1708 967 semel
1720 935 1755 966 in
1769 933 1890 966 mortis
1907 933 2068 971 articulo.
2080 933 2215 974 plenam
2230 933 2416 966 absolutio-

817 1001 893 1024 nem
914 993 1087 1033 indulgere
1103 993 1225 1024 valeat.
1243 991 1297 1033 (V.
1314 993 1365 1028 69,
1383 1000 1435 1031 ep.
1454 991 1537 1028 768.)

860 1044 972 1075 9568.
991 1063 1030 1069 —
1039 1046 1161 1078 Collat.
1175 1054 1307 1082 canon„
1317 1045 1419 1085 praeb.
1436 1053 1473 1075 ac
1482 1042 1663 1075 archidiac.
1676 1041 1717 1072 de
1728 1041 1833 1072 Liuco
1843 1039 1925 1071 eccl.
1936 1039 2086 1078 Talion„
2098 1048 2159 1080 per
2170 1039 2252 1072 obit.
2265 1040 2419 1082 Philippi

817 1100 857 1131 de
873 1100 991 1132 Sirkes
1009 1100 1099 1140 apud
1118 1099 1151 1131 S.
1179 1100 1221 1131 A.
1238 1099 1389 1130 defuncti
1405 1106 1491 1134 vae„
1521 1095 1670 1126 Tkerrico
1687 1094 1725 1125 de
1739 1093 1973 1135 Suacemberyh,
1990 1101 2063 1125 can.
2079 1093 2161 1125 eccl.
2180 1101 2209 1126 s.
2226 1093 2418 1128 Salvatoris

816 1154 1005 1194 Trnjecten.
1019 1170 1058 1175 —
1068 1153 1105 1184 ln
1121 1161 1150 1184 e.
1167 1161 1211 1185 m.
1230 1151 1307 1183 abb.
1324 1153 1468 1182 monast.
1485 1159 1513 1180 s.
1529 1148 1626 1189 Apri,
1642 1149 1676 1180 et
1689 1147 1795 1188 priori
1807 1155 1836 1178 s.
1850 1146 2020 1179 Mansueti
2028 1147 2126 1178 extra
2137 1155 2256 1179 muros
2269 1147 2418 1187 Tuuen„

817 1209 850 1239 et
867 1215 970 1247 praep.
988 1207 1069 1239 eccl.
1089 1206 1278 1238 Massilien.
1297 1205 1348 1244 (A.
1367 1206 1416 1239 12,
1435 1204 1457 1235 f.
1471 1204 1507 1234 81
1526 1202 1558 1239 ¹³3
1581 1201 1613 1232 V.
1629 1203 1681 1239 69,
1697 1210 1749 1241 ep.
1769 1202 1875 1239 1005.)

861 1258 972 1290 9569.
989 1278 1028 1283 -
1047 1260 1166 1292 Collat.
1185 1268 1304 1290 canon.
1319 1260 1352 1290 et
1367 1257 1470 1298 praeb.
1486 1256 1567 1288 eccl.
1582 1255 1786 1291 Virdunen.,
1800 1262 1860 1294 per
1873 1253 1954 1286 obit.
1969 1262 2058 1294 mag.
2070 1253 2190 1286 Jacobi
2205 1253 2246 1286 de
2258 1254 2420 1287 Bocama-

817 1315 903 1346 chiis
922 1314 1002 1346 dicti
1020 1314 1061 1345 de
1076 1313 1212 1346 Sabello
1227 1313 1260 1343 S.
1279 1312 1319 1343 A.
1338 1320 1411 1351 cap.
1429 1319 1514 1348 vac„
1536 1308 1670 1340 Gir-ardo
1683 1308 1719 1339 de
1739 1307 1922 1339 Bossoneris
1938 1307 2064 1339 decano
2079 1307 2226 1339 Valeriae
2241 1307 2282 1348 (c.
2300 1309 2344 1348 c.)
2359 1307 2420 1340 Se-

818 1369 941 1399 dunen.
962 1369 995 1399 et
1019 1367 1139 1407 ejusd„
1168 1367 1324 1406 Bajocen.
1345 1366 1378 1396 et
1395 1365 1586 1396 Lausanen.
1605 1362 1685 1394 eccl.
1713 1370 1788 1393 can.
1804 1360 1953 1401 praeben.
1969 1378 2007 1384 —
2021 1360 2049 1392 I.
2065 1369 2097 1392 e.
2113 1369 2159 1392 m.
2177 1360 2218 1392 de
2233 1359 2419 1393 Altacrista

818 1423 850 1453 et
867 1422 908 1452 de
936 1421 1029 1457 Tela,
1053 1422 1243 1451 Lausanen.
1262 1419 1323 1456 di.,
1352 1418 1497 1449 monast.
1527 1416 1617 1454 abb„
1639 1424 1676 1447 ac
1702 1414 1873 1455 Stephano
1901 1414 1943 1446 de
1965 1413 2110 1451 Albona,
2134 1422 2208 1446 can.
2226 1414 2419 1447 lausanen.

817 1476 871 1515 (A.
887 1476 937 1509 12,
954 1475 977 1506 f.
997 1476 1056 1506 140
1071 1479 1104 1511 ε,
1131 1474 1167 1505 V.
1186 1475 1238 1510 69,
1256 1481 1309 1512 ep.
1328 1472 1433 1510 1090.)

862 1526 974 1557 9570.
991 1546 1030 1551 —
1044 1527 1161 1559 Joanni
1178 1526 1283 1563 Fabri,
1299 1535 1367 1556 can.
1382 1524 1560 1562 Behmcen„
1572 1523 1737 1563 indulget.
1749 1523 1786 1553 ut
1803 1529 1913 1562 usque
1931 1521 1974 1552 ad
1986 1521 2093 1552 alium
2105 1521 2305 1558 triennium.
2321 1529 2342 1553 a
2353 1521 2435 1554 fluo.

817 1582 957 1615 triennii
969 1582 1040 1622 ,iam
1054 1581 1121 1620 ipsi
1137 1580 1289 1611 concessi
1301 1578 1578 1619 computandum,
1597 1576 1788 1608 insistendo
1802 1574 1994 1607 scolasticis
2010 1574 2204 1615 disciplinis
2219 1574 2256 1606 in
2273 1573 2347 1607 loco
2361 1573 2421 1607 ubi

819 1637 969 1669 studium
986 1635 1098 1675 vigeat
1113 1633 1281 1674 generale,
1303 1633 1435 1664 fructus
1456 1625 1566 1663 hene'f.
1588 1638 1729 1662 suorum
1746 1629 1876 1669 integre
1894 1628 2059 1669 percipiat
2076 1627 2204 1668 absque
2222 1627 2421 1661 residentia.

819 1709 857 1713 —
872 1690 899 1721 I.
916 1699 945 1720 e.
962 1698 1007 1720 m.
1025 1698 1052 1720 s.
1071 1687 1244 1720 Saturnini
1269 1686 1442 1722 Tolosam,
1463 1694 1491 1717 s.
1511 1684 1654 1716 Luciani
1670 1691 1775 1723 prope
1797 1682 1991 1718 Belvacum,
2014 1690 2053 1713 ac
2077 1681 2119 1713 de
2136 1680 2344 1720 cancellata,
2359 1681 2423 1714 Pe-

818 1744 1019 1784 tragoricen.
1038 1742 1096 1778 di.,
1117 1742 1261 1772 monast.
1280 1739 1358 1771 abb.
1376 1740 1428 1780 (A.
1451 1740 1500 1776 12,
1515 1738 1538 1770 f.
1557 1740 1596 1770 59
1610 1742 1644 1774 ⁸5
1669 1736 1704 1768 V.
1723 1737 1775 1773 69,
1791 1744 1844 1776 ep.
1863 1736 1942 1768 1558
1957 1736 1990 1767 et
2011 1733 2044 1766 V.
2059 1735 2110 1772 70,
2126 1743 2179 1775 ep.
2197 1734 2302 1774 1623.)

863 1795 975 1826 9571.
995 1813 1033 1818 —
1049 1795 1181 1826 Gnidoni
1196 1794 1300 1832 Fabri,
1317 1803 1385 1824 can.
1404 1792 1476 1824 eccl.
1497 1802 1523 1823 s.
1538 1791 1668 1822 loannis
1689 1789 1846 1827 Leodien.‚
1864 1790 1977 1820 omnia
1991 1789 2029 1820 ut
2045 1797 2073 1820 S.
2092 1806 2127 1812 —
2151 1787 2180 1820 I.
2203 1796 2235 1821 θ.
2251 1796 2296 1820 m.
2313 1796 2343 1820 s.
2362 1787 2424 1822 Sa·

819 1851 948 1884 turnini
965 1852 1037 1881 ets.
1052 1848 1193 1881 Luciani
1209 1849 1354 1879 monast.
1372 1846 1448 1878 abb.
1463 1845 1646 1886 praedictis‚
1665 1853 1703 1876 ac
1715 1843 1854 1875 scolast.
1872 1842 1953 1873 eccl.
1967 1850 1995 1873 s.
2011 1841 2112 1873 Pauli
2122 1841 2284 1873 Leodien.
2301 1840 2353 1881 (A.
2370 1843 2422 1880 12,

820 1906 842 1937 f.
858 1907 897 1937 59
913 1904 926 1925 b
938 1913 947 1941 ;
968 1904 1004 1934 V.
1023 1905 1074 1939 69,
1091 1912 1143 1943 ep.
1165 1903 1244 1934 1559
1259 1903 1291 1932 et
1314 1901 1350 1932 V.
1369 1902 1418 1938 70,
1436 1909 1489 1939 ep.
1508 1899 1616 1938 1624.)

864 1958 875 1968 “
899 1955 1011 1987 9572.
1030 1975 1067 1979 -
1082 1955 1161 1986 Abb.
1178 1959 1308 1985 monast.
1327 1953 1362 1984 S.
1382 1952 1423 1985 M.
1441 1952 1477 1983 de
1493 1951 1631 1982 Mar-tina
1646 1961 1671 1982 s.
1689 1950 1808 1981 Marc-lai
1823 1950 1882 1987 di.,
1899 1954 1929 1980 et
1945 1949 2061 1980 decano
2074 1958 2110 1980 ac
2126 1947 2246 1980 archia.
2258 1947 2332 1980 eccl.
2350 1947 2425 1981 Cas-

819 2022 923 2042 sanen.
944 2011 1057 2042 mand.
1082 2011 1119 2040 ut
1137 2009 1312 2048 inquirant
1332 2016 1375 2038 an
1391 2007 1472 2038 eccl.
1493 2006 1526 2037 S.
1543 2005 1588 2037 M.
1606 2005 1647 2036 de
1664 2005 1783 2044 Ligno,
1801 2004 1993 2036 Rossanen.
2018 2002 2079 2038 di.,
2103 2001 2295 2034 membrum
2320 2001 2424 2035 fuerit

820 2066 966 2097 monast.
983 2073 1011 2095 s.
1032 2063 1214 2095 Trinitatis
1231 2062 1271 2093 de
1287 2061 1501 2101 MungHIeto,
1520 2059 1661 2091 Cisterc.
1683 2058 1768 2095 ord„
1787 2057 1884 2088 dictae
1903 2057 1962 2093 di.,
1982 2057 2015 2088 et
2034 2064 2095 2095 per
2115 2063 2206 2090 mon.
2227 2054 2335 2097 ejusd.
2352 2064 2425 2088 mo-

822 2120 906 2150 nast.
926 2117 1140 2150 consueverit
1159 2116 1250 2157 gub„
1269 2116 1301 2146 et
1317 2115 1347 2145 si
1369 2123 1424 2146 res
1441 2114 1490 2145 ita
1506 2113 1584 2149 sint,
1607 2112 1740 2143 nullum
1758 2112 1927 2151 praetextu
1942 2109 2055 2142 collat.
2074 2108 2210 2141 clericis
2224 2108 2340 2142 saecul.
2357 2100 2426 2141 fac·

820 2175 931 2204 tarum
955 2172 1020 2203 eid.
1049 2172 1192 2202 monast.
1213 2168 1449 2209 praeJudicium
1477 2166 1657 2198 imminere
1682 2165 1875 2202 decernant,
1893 2172 1955 2195 nec
1970 2162 2046 2195 abb.
2065 2163 2098 2194 et
2113 2171 2210 2194 conv.
2224 2162 2424 2203 permutant

822 2235 924 2266 super
940 2226 1030 2256 dicta
1046 2224 1126 2255 eccl.
1150 2224 1185 2254 in
1203 2224 1378 2262 posterum
1393 2220 1565 2261 impediti.
1581 2219 1635 2260 (A.
1653 2220 1703 2255 12,
1724 2218 1748 2250 f.
1774 2218 1874 2253 338·;
1903 2217 1940 2249 V.
1956 2217 2009 2254 69,
2026 2225 2079 2256 ep.
2099 2217 2203 2255 1368.)

866 2277 975 2308 9573.
995 2298 1032 2302 —
1058 2278 1175 2309 Garsioe
1199 2276 1297 2312 Petri,
1318 2275 1390 2306 cler.
1413 2273 1652 2315 Compostellan.
1676 2271 1733 2309 di.,
1755 2271 1796 2302 de
1814 2271 1926 2302 soluto
1946 2270 2059 2310 genito
2081 2273 2115 2302 et
2129 2269 2254 2306 soluta,
2269 2268 2423 2310 dispens.

822 2337 858 2365 ut
875 2333 1039 2365 natalium
1067 2331 1199 2362 defectu
1219 2339 1285 2361 non
1308 2329 1396 2360 obst.
1421 2329 1546 2368 praeter
1571 2325 1839 2367 praestimoniale
1856 2324 1967 2356 benef.
1984 2323 2064 2355 eccl.
2081 2332 2109 2354 s.
2130 2321 2367 2363 Christophori
2382 2322 2425 2355 de

826 2388 960 2428 Vesen„
983 2384 1247 2425 Compostellan.
1271 2383 1331 2419 di.,
1355 2390 1461 2413 unum
1488 2381 1582 2412 aliud
1602 2379 1714 2411 benef.
1732 2379 1882 2418 recipere
1916 2379 1950 2408 et
1977 2377 2124 2409 retinere
2142 2375 2267 2415 valeat,
2292 2375 2424 2408 consid.

822 2439 1025 2473 Gundisalvi
1040 2438 1108 2478 ep.i
1122 2437 1330 2468 Mindonien.
1351 2436 1404 2476 (A.
1425 2437 1474 2470 12,
1492 2435 1515 2465 f.
1532 2435 1591 2465 411
1609 2439 1642 2471 ⁸;
1663 2433 1700 2464 V.
1714 2434 1765 2469 69,
1786 2441 1839 2471 ep.
1857 2431 1962 2470 1490.)

868 2490 977 2522 9574.
998 2510 1033 2515 -
1052 2492 1174 2522 Decano
1197 2495 1225 2521 et
1239 2490 1355 2520 loanni
1371 2488 1533 2523 Dominici,
1550 2497 1618 2518 can.
1635 2486 1707 2518 eccl.
1739 2485 1944 2522 Mindonien.,
1961 2483 2073 2515 mand.
2091 2484 2129 2515 ut
2147 2482 2282 2515 restitui
2299 2481 2426 2515 faciant

823 2547 1034 2580 Gundisalvo
1059 2554 1134 2585 ep.o
1158 2544 1368 2575 Mindonien.
1385 2545 1418 2574 et
1440 2541 1614 2573 Fernando
1629 2541 1671 2572 de
1694 2541 1807 2579 Leyra
1821 2538 1908 2576 mil.‚
1925 2537 2023 2569 fratri
2037 2545 2114 2574 suo,
2127 2535 2217 2568 bona
2234 2534 2377 2569 mobilia
2391 2536 2426 2568 et

825 2599 1035 2633 semoventia
1052 2599 1102 2630 eis
1123 2607 1142 2629 a
1157 2598 1363 2638 quibusdam
1376 2595 1537 2628 vassallis
1554 2594 1635 2626 eccl.
1657 2592 1925 2633 compostellan.
1942 2592 1976 2623 et
1992 2590 2091 2622 laicis
2103 2598 2141 2622 ac
2155 2589 2229 2621 mil.
2249 2589 2376 2621 Lucen.
2392 2590 2426 2622 et

824 2653 1133 2694 compostellanen.
1154 2651 1199 2682 di.
1219 2651 1331 2682 ablata
1342 2661 1350 2687 ;
1377 2659 1418 2681 ex
1445 2648 1570 2689 quihus
1589 2648 1736 2687 dampna
1753 2654 1863 2686 usque
1882 2645 1925 2677 ad
1939 2644 2203 2676 aestimationem
2220 2643 2335 2675 20.οω
2347 2638 2424 2675 flor.

825 2708 899 2740 auri
914 2707 1141 2747 pervenerunt
1158 2705 1241 2736 eisd.
1276 2704 1328 2745 (Α.
1347 2706 1395 2742 12,
1410 2704 1433 2735 f.
1449 2705 1509 2734 441
1525 2707 1557 2740 “;
1581 2701 1614 2732 V.
1631 2702 1682 2737 69,
1704 2709 1757 2740 ep.
1775 2700 1882 2738 1491.)

869 2758 981 2790 9575.
998 2777 1036 2783 —
1051 2758 1237 2799 Archiep.us
1255 2756 1496 2798 Compostellan.
1509 2760 1538 2787 et
1547 2755 1678 2787 decanus
1686 2763 1723 2784 ac
1732 2754 1866 2785 Joarmes
1876 2751 2042 2786 Dominici,
2053 2760 2120 2782 can.
2134 2748 2207 2781 eccl.
2220 2748 2424 2786 Mindonien.,
2489 2746 2494 2770 -’
2502 2747 2519 2767 ¹²*

824 2816 947 2847 dantur
962 2815 999 2845 ut
1011 2813 1144 2853 judices
1162 2813 1418 2843 conservatores
1435 2809 1646 2842 Gundisalvo
1662 2815 1738 2848 ep.o
1757 2805 1966 2838 Mindonien.
1985 2804 2040 2842 (A.
2068 2805 2117 2841 12,
2145 2803 2169 2834 f.
2188 2804 2249 2835 442
2264 2802 2296 2840 ¹²5
2323 2801 2358 2834 V.
2370 2803 2425 2840 69,

870 2894 877 2901 .
955 2869 985 2898 4.

825 2868 1037 2951 Θρθέἒζ96.)-
1051 2920 1277 2952 Confirmatur
1292 2917 1412 2949 electio
1436 2917 1533 2948 Obriae
1560 2916 1594 2947 in
1614 2915 1825 2946 abbatissam
1845 2913 1990 2944 monast.
2015 2920 2044 2943 s.
2066 2910 2174 2942 Clarae
2191 2908 2424 2946 condomien„

826 2976 897 3007 ord.
928 2975 1036 3015 ejusd.
1063 2974 1110 3011 S„
1132 2982 1192 3013 per
1209 2972 1370 3011 resignat.
1388 2979 1486 3002 suam
1502 2971 1537 3001 in
1553 2968 1713 3000 manibus
1730 2967 1849 2999 vicarii
1868 2964 2021 2997 ministri
2033 2963 2255 3005 provincialis
2272 2962 2345 2994 ord.
2361 2961 2427 2993 fra-

825 3031 916 3061 trum
933 3028 1104 3060 minorum
1121 3025 1324 3067 Aquitaniae,
1345 3025 1399 3055 cui
1415 3023 1526 3056 ordini
1541 3031 1622 3054 cura
1638 3021 1746 3062 ejusd.
1764 3021 1911 3052 monast.
1926 3019 2015 3050 auct.
2033 3018 2141 3058 apost.
2158 3018 2210 3049 est
2227 3015 2423 3053 commissa,
2491 3030 2518 3063 ἐς
