2592 3562
244 377 348 405 Datum
365 372 550 406 Avenione.
612 386 615 390 ¹

210 637 228 665 7
250 637 306 674 (vu
326 637 379 670 id.)
399 645 467 672 auq.
493 637 582 665 1319.

338 682 368 709 T.
390 682 447 709 XX.

354 901 391 930 Ut
406 910 431 930 ε.

353 1116 389 1144 Ut
406 1125 429 1144 s.

330 1159 361 1187 T.
382 1160 453 1187 XVI.

353 1222 390 1249 Ut
407 1231 431 1249 s.

294 1266 325 1293 T.
344 1266 405 1299 XII,
417 1266 489 1295 XIV.

352 1435 387 1463 Ut
408 1444 431 1463 s.

295 1480 325 1507 τ.
343 1480 403 1514 xu,
422 1480 491 1508 xiv.

349 1647 386 1675 Ut
405 1656 429 1676 s.

309 1692 341 1720 T.
357 1693 392 1726 Χ,
411 1692 470 1720 XII.

345 1861 383 1890 Ut
401 1870 425 1889 s.

295 1906 327 1934 T.
345 1906 391 1939 XI,
407 1906 480 1935 XIII.

217 2341 236 2369 8
253 2341 298 2378 (VI
312 2342 364 2377 id.)
378 2349 445 2378 aug.
466 2342 554 2372 1349.

180 2391 184 2395 ·
333 2387 364 2414 T.
381 2387 436 2416 XX.

343 2609 380 2637 Ut
401 2618 424 2637 s.

322 2653 353 2681 Τ.
374 2654 447 2682 VIII.

345 2769 382 2797 Ut
399 2778 423 2797 s.

321 2814 352 2841 T.
373 2813 444 2842 XVI.

614 287 787 319 JOANNIS
811 287 930 318 PAPAE
951 287 1053 318 XXII.
1078 289 1323 327 (1316-1334).
1348 307 1386 312 -—
1407 289 1591 320 LITTERAE
1614 291 1836 323 COMMUNES

2166 297 2228 328 425

638 482 778 504 camerae
794 475 900 513 apost.
919 474 1028 504 solvat
1043 473 1077 504 in
1094 474 1206 505 Terrae
1222 474 1350 505 Sanctae
1367 474 1557 505 subsidium
1574 477 1833 513 convertendos;
1854 479 1981 513 consid.
1998 480 2172 513 Guillelmi
2187 483 2227 514 de

638 535 666 557 s.
684 526 791 564 Jorio,
807 536 879 558 can.
899 526 1132 560 Colimbrien.‚
1160 536 1237 557 cum
1253 536 1319 566 quo
1335 527 1369 557 in
1393 536 1495 567 regno
1511 528 1727 568 portugalliae
1747 530 1780 559 in
1799 530 1993 563 collectione
2020 533 2225 566 decimarum

638 582 670 611 et
688 579 858 611 fructuum
877 580 987 611 benef.
1002 589 1074 610 vac.
1092 579 1178 610 bene
1197 588 1232 610 se
1246 580 1364 620 gessit.
1383 581 1434 619 (A.
1459 582 1508 617 12,
1529 581 1552 612 f.
1568 582 1626 612 386
1642 581 1677 619 ¹³3
1698 582 1734 613 V.
1751 584 1801 620 69,
1818 591 1870 622 ep.
1889 585 1992 622 1416.)

682 630 793 661 9919.
809 650 847 655 -
863 633 995 673 Indulg.
1014 642 1056 663 nx
1075 633 1206 663 dierum
1225 642 1316 664 conc.
1336 633 1407 664 illis
1424 634 1481 673 qui
1497 634 1538 665 ad
1554 635 1801 673 reparationem
1820 636 1899 667 eccl.
1916 637 1954 668 Β.
1971 638 2013 668 Μ.
2031 639 2069 669 de
2087 639 2228 679 Tempu-

637 685 719 717 haco
730 695 834 726 prope
849 687 1032 724 Sarlatum,
1046 687 1079 717 in
1091 695 1158 726 qua
1171 686 1279 717 multa
1293 689 1475 725 operantur
1490 687 1664 722 miracula,
1678 697 1800 718 manus
1811 690 2021 727 porrexerint
2037 691 2227 730 adjutrices,

637 739 708 770 illis
726 741 838 771 autem
854 739 912 779 qui
931 740 966 770 in
982 739 1181 771 Nativitatis
1204 739 1297 775 D.ni,
1318 740 1604 775 Resurrectionis,
1622 741 1842 772 Ascensionis
1859 742 1891 772 et
1908 742 2124 774 pentecostes
2138 745 2230 776 festi-

637 792 801 823 vitatibus
820 802 895 824 eam
912 793 1127 824 visitaverint
1150 803 1166 823 c
1183 793 1327 829 dierum,
1348 801 1455 832 usque
1471 793 1512 824 ad
1529 794 1809 833 quinquennium.
1831 795 1884 835 (A.
1905 796 1953 832 12,
1967 795 1990 825 f.
2002 797 2057 827 291
2072 795 2100 833 b;
2125 796 2159 827 V.
2176 799 2227 834 69,

637 854 690 885 ep.
710 847 812 885 1456.)

615 930 618 932 ,
681 896 792 928 9920.
811 917 848 921 -
867 899 997 930 ΑνεΙιὶά.
1026 899 1062 930 de
1085 899 1319 939 Montepensaeo
1341 899 1372 928 in
1396 899 1466 929 eccl.
1498 898 1660 931 Cacumen.
1683 901 1794 932 mand.
1817 902 1854 932 ut
1874 901 1963 932 bona
1984 901 2065 932 olim
2085 905 2228 935 monast.

637 952 818 990 Sarlaten„
835 962 943 992 nuper
959 953 993 983 in
1010 953 1090 984 eccl.
1107 952 1332 983 cathedralem
1345 953 1459 987 erecti.
1476 962 1536 992 per
1549 953 1688 984 abbates
1702 955 1734 985 et
1747 954 1833 985 alios
1850 954 2005 992 alienata,
2022 955 2064 986 ad
2079 964 2231 988 mensam

635 1005 801 1037 Sarlaten.
818 1015 992 1044 revocans,
1013 1005 1217 1046 Raymundo
1238 1014 1312 1045 epo
1328 1005 1492 1037 Sarlaten.
1511 1006 1611 1037 faciat
1628 1006 1769 1046 justitiae
1786 1007 2080 1047 complementum.
2101 1009 2154 1048 (A.
2175 1011 2224 1045 12,

637 1059 661 1089 f.
679 1060 733 1090 191
749 1058 779 1096 ¹³,
804 1058 833 1089 V.
848 1061 900 1095 69,
915 1068 966 1099 ep.
988 1061 1092 1098 1464.)
1315 1096 1317 1099 ¹

680 1109 791 1141 9921.
815 1129 854 1134 —
882 1111 1055 1143 Raimundo
1077 1122 1147 1154 ep.o
1169 1111 1325 1143 sarlaten.
1349 1121 1441 1143 conc.
1470 1112 1607 1144 licentia
1627 1114 1788 1145 testandi.
1811 1115 1862 1153 (A.
1882 1116 1930 1151 12,
1948 1114 1970 1145 f.
1988 1116 2083 1152 352³;
2116 1114 2149 1147 V.
2172 1117 2224 1152 69,

636 1174 688 1205 ep.
710 1167 813 1205 1465.)

681 1216 792 1248 9922.
810 1236 849 1242 -
866 1219 944 1250 Eid.
960 1230 967 1249 ;
987 1219 1105 1250 unitur
1122 1228 1247 1250 mensae
1274 1227 1343 1250 suae
1364 1219 1546 1250 decanatus
1563 1219 1603 1250 de
1618 1219 1795 1260 Ichigiaw,
1813 1221 1851 1252 Ο.
1868 1221 1900 1252 S.
1917 1221 1968 1259 B„
1985 1221 2149 1253 sarlaten.
2167 1221 2226 1259 di.,

635 1281 737 1312 quem
755 1273 964 1304 Bertrandus
979 1274 1017 1304 tt.
1038 1281 1066 1304 s.
1084 1272 1237 1304 Marcelli
1253 1271 1367 1312 presb.
1384 1272 1474 1303 card.
1493 1273 1535 1303 ad
1549 1273 1653 1303 vitam
1667 1281 1709 1304 ex
1722 1274 1936 1305 concessione
1948 1275 2055 1313 apost.
2073 1275 2175 1306 tenet.
2189 1292 2229 1298 —-

635 1325 662 1356 I.
682 1334 711 1357 e.
730 1335 776 1357 m.
796 1326 999 1358 Avinionen.
1020 1327 1052 1358 et
1067 1326 1108 1357 de
1125 1326 1381 1365 Montepensato
1402 1326 1579 1357 Caturcen.
1595 1326 1781 1363 archid.is.‚
1802 1335 1839 1358 ac
1852 1327 1952 1358 Petro
1968 1327 2008 1358 de
2027 1327 2227 1359 Savinhiaco

635 1387 709 1410 can.
725 1380 899 1419 Agennen.
917 1379 997 1411 eccl.
1011 1379 1065 1420 (A.
1084 1381 1131 1417 12,
1150 1379 1173 1410 f.
1193 1381 1252 1411 352
1263 1385 1293 1416 ὃ,
1320 1378 1353 1408 V.
1370 1380 1421 1417 69,
1439 1388 1492 1419 ep.
1511 1379 1616 1419 1466.)

680 1429 791 1462 9923.
807 1450 844 1455 --
858 1433 954 1464 Eid.:
975 1433 1090 1464 unitur
1105 1441 1231 1464 mensae
1244 1441 1314 1464 suae
1328 1433 1500 1473 prioratus
1513 1432 1553 1463 de
1569 1441 1596 1463 s.
1616 1432 1805 1469 Sacerdote,
1822 1433 1994 1473 Agennen.
2010 1433 2068 1470 di.,
2088 1442 2226 1465 consue-

634 1486 690 1516 tus
707 1486 788 1517 olim
806 1495 866 1526 per
881 1495 972 1518 mon.
994 1486 1119 1526 quond.
1138 1486 1305 1518 Sarlaten.
1322 1486 1469 1517 monast.
1485 1485 1575 1525 gub„
1594 1485 1635 1516 ad
1650 1486 1776 1516 dictum
1789 1488 1932 1517 monast.
1953 1487 2127 1525 hactenus,
2139 1495 2225 1518 nunc

635 1539 678 1570 ad
707 1539 872 1571 Sarlaten.
897 1540 991 1577 ech,
1019 1540 1120 1580 pleno
1140 1540 1217 1580 jure
1242 1541 1412 1581 spectans.
1436 1557 1474 1564 —-
1494 1540 1521 1570 Ι.
1550 1548 1579 1570 e.
1601 1548 1645 1570 m.
1672 1541 1709 1570 ut
1733 1548 1760 1570 s.
1782 1539 1835 1580 (A.
1860 1541 1909 1575 12,
1935 1540 1956 1570 f.
1982 1541 2041 1571 352
2059 1540 2091 1576 ὓ,
2114 1540 2150 1571 V.
2172 1542 2224 1578 69,

634 1602 687 1633 ep.
709 1594 815 1633 1467.)

677 1643 788 1675 9924.
806 1664 845 1670 —-
855 1640 1022 1677 Francisco
1035 1646 1190 1684 Bar-tholi,
1206 1646 1242 1677 de
1251 1645 1425 1684 Florentia,
1437 1646 1656 1677 conferuntur
1670 1654 1786 1676 canon.
1802 1647 1834 1677 et
1848 1645 1949 1685 praeb.
1961 1646 2041 1677 eccl.
2053 1646 2224 1684 Fesulan„

633 1708 704 1730 vac.
721 1708 781 1739 per
801 1699 883 1731 obit.
902 1709 955 1740 ap.
974 1700 1007 1732 S.
1026 1701 1066 1731 A.
1091 1700 1184 1732 Petri
1205 1701 1246 1731 de
1271 1709 1300 1731 s.
1321 1700 1434 1738 Petro,
1453 1699 1570 1739 script.
1586 1699 1651 1730 litt.
1667 1700 1775 1738 apost.
1794 1699 1873 1729 -1.
1891 1708 1919 1730 e.
1935 1708 1979 1729 m.
2000 1708 2086 1739 mag.
2102 1700 2225 1730 Joanni

633 1753 674 1784 de
686 1753 836 1790 Verulis,
855 1754 981 1784 decano
998 1754 1159 1790 Furnen.‚
1178 1753 1344 1784 Morinen.
1363 1753 1422 1790 di„
1437 1753 1504 1784 ΡΡ.
1525 1755 1607 1789 not„
1629 1754 1662 1783 et
1679 1752 1754 1783 abb.
1778 1753 1922 1783 monast.
1941 1753 1976 1784 S.
1992 1753 2050 1790 M„
2067 1761 2104 1783 ac
2121 1761 2223 1792 praep.

632 1805 822 1838 Florentin.
847 1807 927 1838 eccl.
945 1807 997 1846 (A.
1015 1808 1063 1843 12,
1082 1807 1103 1838 f.
1123 1808 1183 1839 355
1195 1807 1223 1843 [η
1249 1806 1281 1837 V.
1300 1808 1351 1844 69,
1373 1798 1426 1846 ep.
1447 1806 1552 1847 1471.)

675 1857 787 1889 9925.
805 1877 843 1882 --
858 1860 990 1891 Imberto
1005 1860 1114 1898 Dante,
1133 1860 1205 1891 cler.
1225 1860 1383 1899 Aqermen.
1400 1860 1456 1897 di„
1473 1859 1723 1900 consanguineo
1741 1858 1936 1899 Raymundi
1958 1859 2025 1898 ep.i
2044 1858 2224 1895 Sarlaten.,

632 1913 791 1954 supplic„
809 1915 918 1953 gratia
934 1923 1030 1954 exsp.
1045 1914 1154 1945 benef.
1172 1923 1199 1945 c.
1215 1923 1243 1945 c.
1260 1914 1313 1945 vel
1329 1922 1356 1944 s.
1375 1923 1402 1944 c.
1420 1914 1494 1954 (100
1508 1913 1568 1943 lib.
1585 1914 1679 1950 tur.),
1695 1913 1736 1943 ad
1750 1912 1862 1943 collat.
1881 1912 1948 1951 ep.i
1964 1912 2136 1952 Agennen.
2150 1920 2226 1951 per-

631 1967 707 2004 tin„
725 1967 760 1997 in
784 1967 877 1999 civit.
895 1968 947 1999 vel
970 1967 1015 1998 di.
1036 1969 1209 2007 Agennen.
1226 1985 1264 1990 —-
1280 1967 1306 1998 Ι.
1325 1975 1354 1998 e.
1371 1976 1416 1998 m.
1441 1966 1566 1998 archid.
1592 1966 1631 1997 de
1646 1967 1902 2005 Montepensato
1917 1966 2107 2001 Caturcen.‚
2123 1966 2156 1996 et
2172 1974 2223 1996 sa-

631 2020 742 2052 cristae
756 2021 946 2058 Lectoren.‚
964 2030 1002 2052 ac
1017 2021 1203 2052 Bertrando
1226 2021 1267 2052 de
1284 2021 1403 2055 Turre,
1420 2029 1491 2051 can.
1514 2020 1686 2060 Agennen.
1706 2019 1784 2050 eccl.
1803 2019 1855 2059 (A.
1879 2020 1929 2057 12,
1947 2018 1970 2049 f.
1990 2020 2048 2050 437
2065 2018 2096 2055 b,
2119 2017 2151 2048 V.
2172 2020 2224 2056 69,

630 2083 682 2114 ep.
705 2074 810 2114 1486.)

673 2124 784 2156 9926.
804 2145 842 2149 -
860 2126 1022 2159 Guillelmo
1044 2127 1221 2168 Raymundi
1244 2127 1279 2157 de
1304 2126 1400 2158 Podio
1426 2126 1560 2163 Pinesio,
1581 2126 1710 2157 consid.
1740 2125 1936 2165 Raymundi
1957 2125 2025 2165 ep.i
2041 2125 2223 2162 Sarlaten.‚

628 2189 724 2221 prov.
741 2190 860 2212 canon.
880 2181 944 2212 sub
960 2190 1056 2221 exsp.
1075 2181 1177 2221 praeb.
1199 2180 1285 2212 eccl..
1298 2181 1338 2212 de
1364 2180 1545 2220 Capdroto,
1570 2180 1736 2211 Sarlaten.
1757 2179 1802 2210 di.
1824 2196 1862 2200 —-
1877 2179 1903 2209 I.
1923 2187 1950 2210 e.
1972 2187 2016 2210 m.
2035 2178 2159 2210 archid.
2184 2179 2224 2210 de

628 2235 862 2275 Montepesato
880 2234 1071 2272 Caturcen.‚
1090 2236 1123 2266 et
1141 2235 1291 2266 thesaur.
1311 2234 1461 2271 Albien„
1483 2242 1520 2264 ac
1545 2234 1645 2264 Petro
1661 2233 1702 2264 de
1729 2232 1926 2270 Savinhaco‚
1946 2240 2017 2263 can.
2040 2232 2147 2271 ejusd.
2163 2232 2224 2263 Ca-

628 2291 758 2321 turcen.
777 2288 857 2320 eccl.
878 2288 932 2329 (A.
952 2290 1000 2326 12,
1017 2288 1040 2319 f.
1058 2289 1118 2319 438
1134 2292 1162 2324 “;
1183 2288 1218 2319 V.
1237 2289 1288 2324 69,
1305 2296 1356 2327 ep.
1377 2286 1487 2328 1487.)

672 2339 784 2371 9927.
801 2359 840 2364 -
854 2341 986 2382 Indulg.
1003 2350 1045 2372 Lx
1062 2341 1196 2372 dierum
1212 2349 1304 2372 conc.
1322 2340 1394 2371 illis
1407 2340 1466 2380 qui
1482 2340 1524 2371 ad
1538 2339 1786 2380 reparationem
1802 2339 1882 2370 eccl.
1899 2347 1926 2369 s.
1942 2337 2131 2369 Sacerdotis
2146 2338 2223 2369 Sar-

628 2395 746 2433 laten„
762 2403 869 2435 nuper
883 2395 918 2426 in
937 2395 1055 2435 colleg.
1070 2403 1093 2438 ‘a
1108 2394 1174 2425 ΡΡ.
1192 2395 1322 2431 erectae,
1346 2403 1431 2434 quae,
1453 2395 1491 2425 ut
1508 2393 1667 2433 exposuit
1687 2392 1910 2432 Raymundus
1931 2391 2093 2422 Sarlaten.
2111 2399 2220 2429 ep.us,

628 2450 797 2481 vetustate
811 2448 987 2484 dilabitur,
1007 2456 1127 2479 manus
1142 2447 1357 2488 porrexerint
1377 2446 1559 2487 adjutrices
1570 2455 1579 2483 ;
1599 2446 1670 2477 illis
1686 2454 1765 2477 vero
1787 2447 1843 2485 qui
1861 2444 1895 2475 in
1906 2443 2103 2475 Nativitatis
2125 2443 2218 2480 D.ni,

628 2502 916 2539 ResurrectioniS,
934 2501 1157 2532 Ascensionis
1176 2503 1208 2532 et
1226 2500 1445 2532 Pentecostes
1460 2499 1706 2531 festivitatibus
1720 2498 1843 2529 dictam
1862 2497 1940 2528 eccl.
1961 2495 2172 2527 visitaverint
2206 2506 2221 2526 0

628 2556 773 2593 dierum,
790 2564 898 2596 usque
913 2555 955 2586 ad
971 2554 1254 2595 quinquennium.
1270 2554 1323 2595 (A.
1342 2555 1392 2591 12,
1410 2553 1435 2584 f.
1449 2555 1505 2585 291
1523 2558 1554 2590 ³,
1576 2552 1611 2584 V.
1627 2554 1678 2591 69,
1691 2560 1743 2591 ep.
1759 2550 1866 2590 1455.)

672 2606 784 2638 9928.
805 2627 843 2632 -
858 2609 899 2640 Ν.
919 2619 948 2639 υ.
966 2607 1066 2638 Paulo
1084 2607 1121 2638 de
1138 2607 1267 2646 Comite,
1285 2607 1404 2638 Siciliae
1420 2607 1500 2647 reqis
1522 2605 1586 2636 mil.
1608 2610 1634 2635 el
1652 2604 1764 2645 famil.‚
1794 2603 1955 2643 indulget.
1982 2603 2018 2632 ut
2043 2601 2216 2632 confessor

628 2671 713 2695 suus
727 2663 764 2694 in
779 2662 900 2694 mortis
922 2661 1066 2694 articulo
1084 2661 1333 2693 absolutionem
1351 2661 1487 2701 plenam
1503 2660 1570 2700 ipsi
1589 2657 1782 2698 impendere
1798 2656 1918 2687 valeat.
1938 2655 1989 2693 (A.
2007 2655 2053 2691 12,
2072 2654 2094 2685 f.
2110 2655 2170 2686 483
2184 2659 2197 2675 ²
2208 2663 2217 2690 ;

634 2716 989 2801 Vggfigpjffigglm
1003 2768 1192 2810 provinciali
1208 2768 1241 2800 0.
1259 2768 1295 2799 F.
1312 2768 1354 2799 M.
1378 2766 1544 2808 provinciae
1557 2765 1585 2795 T
1582 2774 1656 2795 errae
1667 2762 1794 2793 Laboris
1810 2761 1921 2792 mand.
1933 2762 1970 2792 ut
1985 2760 2068 2791 duas
2082 2768 2216 2791 Sorores

627 2831 688 2855 seu
707 2823 874 2855 moniales
892 2823 926 2854 in
946 2823 1217 2863 quibuscumque
1233 2818 1376 2853 monast.
1394 2821 1491 2851 dictae
1510 2817 1691 2858 provinciae
1717 2815 1929 2851 constitutas,
1951 2814 1986 2844 in
2011 2814 2082 2844 arte
2097 2814 2215 2844 cantus

627 2879 799 2917 expertas,
821 2877 861 2908 ad
880 2878 1025 2908 monast.
1042 2876 1075 2908 S.
1095 2876 1140 2907 Μ.
1157 2876 1312 2915 dompnae
1332 2874 1455 2914 reginae
1470 2871 1696 2911 Neapolitan.‚
1713 2868 1792 2901 Ord.
1815 2869 1848 2899 S.
1869 2867 1986 2903 Clarae,
2005 2875 2023 2897 a
2037 2866 2144 2898 Maria
2164 2874 2215 2896 re-

627 2930 706 2971 gina
720 2930 844 2962 Siciliae
860 2930 1050 2967 fundatum,
1065 2930 1107 2960 ad
1126 2928 1386 2969 requisitionem
1401 2925 1580 2957 abbatissae
1596 2922 1779 2955 transferat
1793 2930 1802 2957 ς
1818 2920 1961 2960 supplic.
1979 2919 2067 2951 dicta
2083 2918 2208 2959 regina.

627 2984 679 3024 (A.
698 2985 746 3021 12,
766 2983 788 3014 f.
804 2985 865 3016 490
881 2988 908 3020 ²,
934 2982 966 3014 V.
985 2984 1036 3021 69,
1054 2992 1106 3023 ep.
1126 2983 1221 3018 15075
1236 2979 1347 3018 Eubel,
1365 2988 1417 3019 op.
1432 2978 1500 3015 cit.‚
1518 2979 1541 3008 t.
1562 2977 1600 3012 V,
1620 2985 1652 3016 p.
1671 2977 1739 3012 173,
1756 2983 1788 3006 n.
1804 2973 1890 3013 374.)
