2592 3562
376 308 437 340 350

409 396 514 425 Datum
531 390 716 425 Avenione.

437 499 477 527 23
496 502 579 527 mart.
599 498 688 526 1319.

463 547 493 579 (x
510 542 568 571 kal.
590 542 665 578 apr.)

495 588 527 616 T.
544 587 636 615 Vl¹¹¹.

524 712 560 740 Ut
579 721 602 739 s.

503 757 534 784 T.
554 757 627 784 XIII.

529 1031 564 1058 Ut
580 1039 603 1058 s.

486 1076 517 1102 T.
537 1076 569 1107 X,
586 1075 644 1102 XII.

527 1404 563 1432 Ut
583 1412 607 1431 s.

527 1725 561 1752 Ut
579 1733 603 1752 s.

442 1831 482 1859 24
495 1835 578 1859 mart.
598 1832 686 1859 1319.

457 1878 501 1905 (xx
518 1876 576 1903 kal.
595 1876 671 1911 apr.)

474 1921 505 1948 Τ.
521 1921 565 1954 xl,
585 1921 656 1947 xm.

441 2152 482 2180 25
499 2155 580 2180 mart.
599 2153 686 2181 1319.

448 2199 515 2230 (vm
533 2196 589 2223 kal.
608 2197 684 2231 apr.)

528 2578 563 2606 Ut
577 2586 600 2605 s.

465 2623 496 2649 T.
514 2623 572 2656 XII,
590 2623 659 2650 xlv.

522 2793 558 2820 Ut
575 2802 597 2819 s.

500 2838 530 2863 T.
552 2838 621 2864 xvi.

778 306 952 338 JOANNIS
975 306 1093 338 PAPAE
1115 307 1217 338 XXII.
1241 307 1490 347 (1816-1384).
1511 325 1551 332 —
1573 307 1760 339 LITTERAE
1782 306 2009 339 COMMUNES

846 494 957 526 9121.
983 514 1022 520 -
1040 497 1235 529 Translatio
1261 497 1385 538 Paqani
1400 497 1469 539 ep.i
1486 498 1638 530 Paduan.
1657 498 1699 530 ad
1722 498 1804 530 0001.
1822 497 2083 538 patriarchalem
2109 495 2328 537 Aquilegen„
2344 504 2408 537 per

803 549 884 582 obit.
903 551 1041 582 (jastoni
1061 551 1149 590 apud
1168 551 1203 582 S.
1226 551 1268 582 A.
1284 551 1410 591 praevia
1433 551 1574 592 speciali
1597 552 1761 583 reservat.
1778 560 1851 583 vac.
1869 569 1908 575 —
1930 551 1957 583 I.
1984 560 2015 583 e.
2033 559 2078 583 m.
2099 551 2227 582 decano
2241 551 2274 582 et
2290 549 2405 590 capit..

803 604 974 639 vassallis,
992 604 1216 644 suffraganeis
1231 604 1313 636 0001.
1336 604 1557 646 Aquilegen.;
1577 604 1668 636 clero
1685 605 1718 636 et
1737 604 1863 645 populo
1878 604 1972 636 civit.
1992 605 2026 636 et
2042 604 2088 636 di.
2107 603 2162 645 (A.
2184 605 2235 639 11,
2252 602 2276 635 f.
2298 604 2358 635 373
2374 602 2407 641 ¹23.

813 656 843 688 V.
863 658 914 692 69,
936 666 987 697 ep.
1005 657 1091 696 579.)

847 707 959 739 9125.
975 727 1014 732 —
1031 709 1193 742 Guillelmo
1208 709 1246 742 de
1259 709 1400 750 Bataeco,
1414 710 1535 742 archid.
1550 710 1579 741 F
1578 709 1757 751 orojulien„
1774 710 1888 742 mand.
1905 713 1942 743 ut
1956 710 2106 751 inquirat
2117 712 2151 742 et
2166 710 2292 742 referat
2305 717 2407 751 super

804 763 967 804 petitione
987 763 1142 801 JoanniS,
1167 763 1208 795 01.
1238 772 1284 796 m.
1307 765 1398 805 regis
1424 764 1550 796 Siciliae
1568 763 1643 800 filii,
1663 763 1799 795 comitis
1824 763 2008 795 Gravinen.
2032 763 2091 804 qui
2112 765 2211 795 terrae
2231 762 2407 795 Limosani

804 818 1031 848 Beneventan.
1058 816 1117 855 di.,
1142 825 1216 857 quae
1240 817 1485 849 dudumeivit.
1511 817 1689 857 proprium
1715 816 1845 848 habens
1866 825 1982 856 ep.um
2007 816 2133 854 extitit,
2157 817 2199 848 ad
2222 816 2407 857 pristinam

804 871 952 910 episcop.
977 870 1068 910 dign.
1086 870 1221 902 restitui
1246 870 1339 911 cupit
1358 872 1391 902 et
1413 871 1524 902 eidem
1549 870 1647 901 unire
1665 869 1893 901 cathedralem
1912 869 1994 901 0001.
2011 869 2244 902 Florentinen.
2262 871 2315 908 (10
2329 878 2409 902 une.

804 923 891 964 auri)
909 932 983 963 quae
1002 923 1092 955 ultra
1109 925 1167 955 100
1181 923 1405 964 parochianos
1423 924 1457 954 in
1483 923 1558 955 suis
1576 923 1668 955 civit.
1693 926 1726 954 et
1751 923 1798 953 di.
1822 922 1935 955 habet.
1953 923 2008 963 (A.
2037 924 2086 960 11,
2112 923 2136 954 t’.
2161 924 2221 955 ³⁴9
2242 922 2275 960 b;
2302 921 2336 955 V.
2354 924 2407 960 69,

804 986 856 1017 ep.
875 978 958 1015 701.)

848 1027 959 1059 9126.
981 1047 1018 1053 -
1035 1029 1166 1062 Geraldo
1183 1030 1337 1061 Destivals
1356 1030 1445 1062 conf.
1460 1038 1555 1070 perp.
1573 1029 1701 1060 vicaria
1716 1028 1852 1069 paroch.
1868 1029 1949 1061 0001.
1967 1029 2008 1060 de
2029 1038 2057 1060 s.
2072 1029 2217 1069 Antegio
2233 1030 2267 1061 et
2281 1037 2310 1061 Β.
2325 1029 2410 1061 Vin-

805 1084 903 1115 centii
921 1084 962 1115 de
977 1084 1118 1124 Riparia
1132 1084 1339 1124 Bargannae,
1358 1084 1505 1115 invicem
1520 1082 1708 1118 unitarum,
1724 1082 1901 1114 Caturcen.
1916 1082 1976 1120 di.,
1991 1090 2052 1122 per
2068 1081 2151 1114 obit.
2165 1081 2259 1113 Petri
2274 1080 2409 1115 Natalis

805 1146 857 1178 ap.
874 1137 908 1168 S.
925 1138 966 1169 A.
983 1137 1133 1169 defuncti
1150 1146 1240 1174 vac.;
1257 1146 1336 1168 non.
1353 1137 1440 1168 obst.
1459 1137 1548 1176 quod
1562 1136 1603 1167 de
1619 1135 1731 1167 benef.
1748 1144 1776 1167 0.
1796 1144 1825 1167 0.
1842 1135 1897 1167 vel
1915 1144 1943 1167 s.
1961 1143 1991 1167 0.
2007 1135 2049 1167 ad
2062 1135 2175 1167 collat.
2190 1133 2409 1175 praeceptoris

805 1191 926 1222 domus
940 1191 981 1222 de
999 1191 1148 1230 Capella,
1168 1199 1195 1222 s.
1215 1191 1357 1222 Joannis
1372 1189 1642 1221 Jerosolimitan.
1662 1188 1760 1220 dictae
1781 1188 1841 1226 di.,
1860 1188 1897 1220 in
1912 1188 2022 1220 forma
2033 1196 2222 1228 pauperum
2237 1187 2283 1220 sit
2295 1187 2413 1228 provi-

806 1253 876 1275 sus.
890 1262 928 1267 —
943 1244 968 1275 Ι.
989 1253 1018 1275 0.
1037 1252 1081 1274 m.
1096 1243 1222 1275 decano
1240 1245 1382 1275 monast.
1402 1243 1443 1274 de
1459 1242 1612 1279 Cairaco,
1624 1250 1685 1282 per
1699 1242 1866 1274 decanum
1883 1241 1977 1273 soliti
1994 1241 2088 1282 gub„
2103 1241 2281 1273 Catureen.
2297 1240 2359 1279 di.,
2375 1241 2410 1272 et

806 1297 932 1329 archid.
952 1298 993 1329 de
1009 1297 1276 1337 Montepensato,
1302 1306 1339 1328 ac
1360 1296 1530 1328 Galhardo
1554 1295 1697 1334 Juliani,
1716 1304 1788 1327 can.
1805 1295 1888 1327 eccl.
1904 1295 2084 1327 Caturcen.
2107 1295 2162 1335 (A.
2179 1296 2229 1330 11,
2252 1294 2277 1326 f.
2297 1295 2359 1327 474
2378 1299 2409 1331 ⁸5

811 1351 847 1382 V.
864 1353 916 1388 69,
933 1359 985 1391 ep.
1003 1351 1090 1390 720.)

850 1402 962 1433 9127.
980 1422 1020 1427 -
1036 1404 1192 1435 Ademaro
1215 1403 1251 1434 de
1270 1403 1378 1434 Crosso
1391 1408 1420 1433 et
1436 1402 1590 1433 Ademaro
1608 1402 1701 1440 lorii,
1722 1412 1791 1433 can.
1813 1402 2056 1439 claromonten„
2075 1410 2168 1434 conc.
2186 1401 2287 1433 facul.
2303 1401 2412 1434 desis-

805 1458 898 1489 tendi
914 1467 932 1489 a
947 1458 1184 1498 prosecutione
1200 1456 1500 1488 denunciationum
1520 1456 1703 1487 criminum
1720 1455 1857 1487 Arberti
1875 1455 2126 1488 claromonten.
2142 1454 2222 1495 ep.i,
2237 1454 2318 1486 licet
2330 1455 2413 1487 Ber-

805 1511 958 1547 trandus,
974 1512 1007 1542 S.
1028 1511 1072 1542 M.
1098 1511 1133 1541 in
1156 1510 1287 1550 Aquiro
1310 1510 1396 1541 diac.
1414 1509 1519 1549 card„
1543 1509 1583 1540 de
1602 1509 1715 1540 mand.
1740 1509 1807 1540 PP.
1837 1517 1940 1549 super
1961 1508 2023 1540 hoc
2046 1509 2088 1540 ad
2113 1507 2297 1540 nonnullos
2314 1508 2410 1540 aetus

806 1565 1022 1604 processerit,
1038 1566 1071 1595 et
1093 1564 1153 1594 iid.
1171 1572 1242 1594 can.
1262 1564 1303 1594 ad
1319 1572 1453 1603 poenam
1469 1562 1670 1594 amissionis
1686 1562 1840 1593 omnium
1858 1561 1970 1593 benef.
1996 1570 2032 1593 se
2051 1561 2290 1601 inscripserint
2298 1570 2309 1599 ;
2331 1569 2413 1593 nam

805 1627 847 1649 ex
869 1617 1064 1657 huJusmodi
1084 1617 1253 1648 delatione
1272 1617 1522 1648 Claromonten.
1549 1616 1631 1647 eccl.
1650 1616 1831 1656 dispendia
1846 1616 1964 1656 gravia
1990 1614 2184 1646 incurrebat
2201 1617 2234 1646 et
2255 1615 2290 1646 in
2310 1613 2411 1655 epiri·

804 1671 956 1702 tualibus
979 1672 1011 1702 et
1025 1670 1273 1709 temporalibus
1289 1670 1447 1701 laesiones
1464 1678 1634 1701 enormes.
1650 1669 1704 1710 (A.
1723 1670 1794 1705 160,
1810 1669 1834 1700 f.
1853 1670 1890 1700 18
1905 1674 1919 1690 ⁰
1933 1669 2071 1709 frnqm.;
2094 1668 2130 1700 V.
2145 1670 2198 1706 69,
2213 1676 2267 1708 ep.
2283 1666 2371 1708 760.)

848 1722 957 1753 9128.
976 1742 1015 1747 -
1033 1724 1162 1764 Paqano
1175 1723 1247 1754 olim
1263 1733 1333 1764 ep.0
1347 1723 1503 1761 Paduam,
1518 1723 1552 1753 in
1562 1722 1774 1764 patriarcham
1790 1722 1972 1763 Aquileqen.
1986 1722 2038 1758 el.,
2054 1722 2314 1754 committuntur
2330 1729 2417 1753 cura.

805 1780 836 1809 et
851 1778 1102 1808 administratio
1119 1777 1199 1808 eccl.
1218 1777 1371 1809 Paduan.
1389 1785 1427 1808 30
1444 1777 1611 1808 bonorum
1626 1777 1748 1816 ipsius.
1763 1776 1817 1817 (A.
1839 1777 1888 1811 12,
1905 1776 1927 1806 f.
1944 1777 2004 1808 254
2019 1781 2048 1812 ⁸3
2074 1775 2107 1806 V.
2125 1777 2178 1813 69,
2193 1783 2246 1815 ep.
2265 1775 2370 1814 1426.)

847 1829 958 1859 9129.
978 1848 1016 1853 —
1040 1830 1160 1862 Collat.
1180 1839 1299 1862 canon.
1319 1830 1383 1861 sub
1405 1839 1502 1870 exsp.
1525 1829 1628 1870 praeb.
1646 1830 1761 1861 saecul.
1781 1829 1863 1861 0001.
1888 1838 1917 1860 s.
1937 1829 2089 1867 Juniani‚
2113 1828 2330 1860 Lemovicen.
2347 1827 2413 1866 di.,

804 1884 942 1916 obtentu
955 1884 1132 1916 Gaucelini
1146 1893 1194 1915 ss.
1205 1884 1395 1915 Marcellini
1408 1885 1441 1915 et
1455 1884 1549 1915 Petri
1563 1882 1676 1923 presb.
1688 1883 1792 1919 card„
1805 1882 1938 1914 Geraldo
1951 1882 1988 1913 de
2003 1881 2145 1914 Galinier
2158 1882 2270 1922 ipsius
2281 1881 2389 1913 famil.
2397 1891 2408 1918 3

804 1947 869 1969 non
887 1938 974 1969 obst.
998 1938 1106 1978 gratia
1125 1946 1222 1978 exsp.
1248 1937 1360 1969 benef.
1378 1937 1470 1978 (601.
1489 1936 1542 1977 t.),
1566 1937 1608 1968 ad
1633 1937 1746 1968 collat.
1769 1936 1836 1976 ep.i
1862 1936 2091 1973 Lemovicen.,
2110 1936 2144 1966 in
2165 1935 2257 1967 civit.
2280 1934 2336 1966 vel
2360 1934 2407 1967 di.

804 1992 1018 2023 Lemovicen.
1046 2010 1084 2014 —
1110 1992 1135 2022 Ι.
1153 2000 1181 2022 0.
1202 2000 1246 2022 m.
1267 1999 1356 2030 mag.
1383 1990 1566 2030 Aymerico
1589 1990 1747 2027 Gerardi,
1767 1990 1895 2021 archid.
1921 1990 2055 2025 Elnen.,
2071 1990 2105 2020 et
2118 1989 2220 2021 Petro
2237 1988 2279 2020 de
2297 1988 2408 2029 Noga·

804 2047 887 2082 reto,
916 2045 1153 2085 Burdegalen.,
1179 2045 1247 2075 PP.
1274 2044 1461 2084 capellanis
1483 2053 1521 2075 30
1545 2043 1694 2075 Guidoni
1719 2044 1760 2074 de
1785 2042 1977 2080 Mauriolis,
2002 2043 2216 2075 Lemovicen.
2236 2050 2310 2073 ean.
2325 2041 2407 2073 0001.

805 2098 856 2138 (Α.
874 2100 922 2134 12,
942 2098 965 2128 f.
979 2099 1038 2129 238
1054 2104 1085 2133 a;
1110 2097 1142 2128 V.
1160 2100 1211 2135 69,
1231 2106 1283 2138 ep.
1299 2097 1404 2137 1339.)

847 2149 958 2180 9130.
976 2171 1013 2175 -
1033 2151 1197 2182 Benedicto
1216 2151 1311 2181 Fabri
1326 2151 1439 2182 collat.
1456 2159 1575 2182 canon.
1596 2152 1628 2182 et
1645 2149 1750 2190 praeb.
1773 2150 1855 2181 0001.
1875 2149 2021 2181 Melden.
2041 2157 2138 2189 quos,
2158 2157 2235 2180 cum
2251 2149 2410 2180 vacarent

804 2214 863 2244 per
885 2205 966 2236 obit.
991 2205 1128 2236 Thomae
1156 2205 1237 2236 dicti
1257 2205 1376 2241 Bruni,
1405 2204 1491 2235 alias
1518 2204 1559 2235 de
1577 2204 1687 2241 Muro,
1710 2203 1744 2235 S.
1763 2204 1805 2235 A.
1826 2211 1913 2242 cap.‚
1934 2203 2132 2234 nontamen
2154 2201 2409 2239 commensalis,

804 2260 891 2289 auct.
910 2258 1133 2298 quarumdam
1150 2258 1217 2290 litt.
1235 2257 1423 2289 Clementis
1436 2257 1506 2289 PP.
1523 2258 1565 2294 V,
1579 2257 1650 2296 jam
1666 2266 1685 2287 a
1700 2266 1735 2287 xv
1751 2256 1850 2288 annis
1870 2255 1984 2287 extitit
2000 2257 2190 2291 assecutus,
2208 2254 2318 2295 ejusd.
2339 2254 2407 2286 PP.

804 2312 1047 2342 reservationis
1072 2312 1231 2351 ignarus;
1258 2311 1479 2342 remittuntur
1497 2310 1564 2350 ipsi
1589 2310 1720 2341 fructus
1743 2318 1785 2341 ex
1809 2309 1860 2340 eis
1878 2308 2048 2349 percepti3
2071 2316 2139 2339 non
2161 2307 2248 2339 obst.
2270 2307 2406 2348 paroch.

802 2365 882 2395 eccl.
904 2374 931 2395 s.
946 2365 1157 2404 Sigismundi
1173 2365 1213 2395 de
1229 2365 1336 2395 Podio
1349 2365 1482 2404 Begone
1499 2372 1576 2395 cum
1592 2363 1671 2394 aliis
1688 2363 1770 2394 0001.
1786 2362 1853 2394 sibi
1868 2362 2029 2394 canonice
2043 2362 2199 2396 annexis,
2214 2369 2253 2392 ac
2267 2360 2413 2401 quibus--

802 2419 879 2449 dam
899 2418 1041 2449 decimis
1061 2427 1089 2449 s.
1108 2427 1135 2449 0.
1151 2419 1203 2455 (12
1219 2418 1241 2449 l.
1259 2419 1297 2456 t.)
1320 2418 1356 2448 in
1375 2417 1561 2449 decimario
1578 2416 1659 2448 0001.
1677 2416 1718 2447 (10
1738 2416 1940 2451 Montevols,
1962 2414 2098 2446 Albien.
2115 2416 2149 2446 et
2166 2414 2343 2446 Caturcen.
2359 2413 2408 2445 di.

802 2490 840 2494 -
853 2472 879 2502 I.
898 2480 927 2502 e.
946 2480 991 2502 m.
1007 2471 1135 2502 archid.
1154 2472 1283 2511 Figiaci
1300 2472 1335 2502 in
1349 2471 1430 2502 eccl.
1448 2471 1641 2508 Caturcen.,
1666 2471 1699 2501 et
1719 2471 1808 2501 cant.
1832 2469 1991 2507 Melden.‚
2014 2477 2052 2499 ac
2075 2467 2230 2500 Ratterio
2247 2468 2289 2499 de
2307 2467 2408 2499 Miro-

803 2526 928 2562 monte,
944 2533 1015 2555 can.
1035 2524 1171 2556 Albien.
1185 2524 1265 2556 eccl.
1282 2525 1338 2565 (V.
1360 2526 1411 2561 69,
1427 2533 1480 2564 ep.
1497 2525 1583 2562 690.)
2203 2563 2207 2567 .

846 2575 956 2607 9131.
981 2595 1017 2600 -
1037 2577 1198 2609 Guillelmo
1221 2587 1290 2618 ep.o
1316 2578 1440 2609 Τνεοεη.
1459 2577 1624 2617 indulget.
1642 2578 1679 2608 ut
1698 2585 1731 2606 ιν
1751 2584 1824 2615 cap.
1843 2583 1904 2607 seu
1921 2575 2015 2610 cler„
2030 2574 2103 2606 suis
2119 2573 2295 2614 obsequiis
2307 2573 2413 2605 insis-

801 2633 923 2669 tentes,
941 2632 1071 2662 fruotus
1096 2631 1206 2663 benef.
1231 2639 1371 2662 suorum
1393 2631 1524 2670 integre
1544 2629 1735 2670 percipiant
1752 2628 1880 2669 absque
1897 2628 2095 2664 residentia,
2114 2635 2222 2667 usque
2240 2627 2283 2658 ad
2303 2626 2408 2658 trien·

802 2686 909 2716 nium.
925 2702 963 2707 —
979 2685 1007 2715 Ι.
1026 2693 1054 2715 e.
1072 2693 1116 2715 m.
1134 2684 1209 2715 abb.
1230 2686 1376 2715 monast.
1393 2685 1430 2715 B.
1449 2684 1494 2715 M.
1512 2684 1553 2714 de
1567 2682 1772 2719 Cancellata,
1795 2681 2050 2722 petragoricen.
2066 2680 2126 2718 di.,
2147 2682 2180 2712 et
2197 2679 2323 2711 archid.
2341 2679 2415 2711 Pa·—

802 2739 932 2776 risien.,
950 2739 982 2770 et
997 2739 1086 2769 cant.
1104 2737 1355 2777 Petragorioen.
1374 2737 1456 2768 0001.
1476 2737 1528 2776 (A.
1547 2738 1596 2774 12,
1614 2736 1637 2767 f.
1655 2737 1715 2768 338
1730 2735 1764 2773 ὓς
1789 2734 1823 2764 V.
1838 2737 1891 2773 69,
1907 2743 1960 2775 ep.
1978 2734 2084 2773 1378.)

845 2789 956 2821 9132.
973 2808 1012 2813 -
1025 2790 1107 2831 May.
1126 2790 1284 2831 Stephano
1304 2790 1473 2828 Paullum„
1486 2789 1851 2830 utriicsquejurisperito,
1869 2787 1943 2819 cler.
1958 2787 2148 2818 Lemovicen.
2167 2786 2223 2822 di.,
2240 2785 2406 2827 indulget.

800 2847 849 2881 ut,
866 2846 895 2876 si
909 2846 1081 2884 contingat
1095 2844 1162 2883 ipsi
1179 2844 1220 2874 de
1240 2844 1355 2883 aliquo
1370 2843 1483 2874 benef.
1498 2843 1683 2883 provideri,
1708 2844 1890 2882 antequam
1911 2841 2022 2872 benef.
2040 2835 2131 2881 quod
2150 2840 2217 2871 litt.
2238 2840 2348 2879 apost.
2366 2839 2410 2870 ad

800 2899 912 2930 collat.
931 2899 1049 2929 decani
1067 2899 1100 2929 et
1115 2897 1214 2937 capit.
1234 2897 1314 2928 eccl.
1333 2897 1374 2928 de
1392 2906 1419 2928 s.
1434 2897 1572 2934 Aredio,
1587 2895 1800 2927 Lemovicen.
1814 2895 1874 2932 di.,
1893 2895 2080 2935 exspectat,
2097 2894 2274 2925 assecutus
2289 2892 2405 2930 fuerit,

800 2952 932 2983 nullum
951 2952 1020 2991 ipsi
1037 2952 1216 2991 propterea
1231 2950 1467 2990 praejudicium
1482 2951 1673 2989 generetur,
1693 2950 1876 2988 utrumque
1893 2947 2002 2987 possit
2019 2947 2131 2979 benef.
2150 2946 2295 2978 retinere
2299 2955 2311 2982 ,-
2329 2953 2414 2977 con—

800 3006 864 3037 sid.
879 3004 1056 3037 Guillelmi
1071 3004 1139 3044 ep.i
1158 3004 1299 3035 Trecen.
1321 3003 1374 3042 (A.
1391 3004 1440 3038 12,
1459 3003 1482 3034 f.
1499 3005 1559 3035 340
1572 3008 1600 3040 ²¹3
1624 3002 1657 3033 V.
1673 3004 1725 3040 69,
1744 3010 1796 3041 ep.
1816 3001 1922 3041 1380.)
