2592 3562
445 312 485 342 42

481 400 585 428 Datum
604 398 787 433 Avenz'one.

484 505 497 531 Ι
518 503 600 538 (kal.)
619 505 676 531 dec.
697 505 785 532 1317.

592 549 622 576 Τ.
646 550 678 578 X.

594 771 629 799 Ut
645 780 667 798 s.

476 816 523 844 Gr.
541 824 592 851 pro
609 825 685 851 pers.
705 817 786 843 card.

592 931 628 959 Ut
646 940 668 959 s.

594 1199 630 1226 Ut
646 1207 669 1225 s.

569 1243 598 1270 T.
621 1243 690 1270 XVl.

589 1360 624 1387 Ut
646 1368 668 1386 s.

532 1405 562 1431 T.
580 1405 639 1438 xii,
659 1403 728 1430 xiv.

592 1628 627 1654 Ut
644 1637 666 1654 5.

537 1673 566 1698 T.
582 1673 627 1706 xi,
644 1672 715 1698 xm.

588 1840 624 1867 Ut
643 1848 665 1867 s.

543 1884 573 1911 T.
594 1884 710 1911 xxxvi.

588 2214 625 2242 Ut
642 2223 667 2242 s.

523 2259 567 2286 Gr.
583 2268 633 2294 pro
649 2260 728 2287 card.

438 2480 460 2508 2
479 2480 521 2516 (iv
542 2481 624 2516 non.)
640 2481 698 2508 (lec.
723 2481 810 2509 1347.

564 2526 594 2552 T.
616 2526 686 2552 XIV.

586 2695 621 2722 Ut
642 2704 664 2722 s.

549 2740 579 2766 T.
598 2740 698 2767 fflxvm·

850 314 1023 347 JOANNIS
1047 316 1165 348 PAPAE
1187 318 1288 349 XXII.
1312 319 1559 359 (1816-1334).
1583 337 1622 342 —
1644 319 1830 350 LITTERAE
1853 319 2077 351 COMMUNES

917 505 1027 536 5941.
1052 526 1082 531 -
1099 508 1266 550 Archiepm
1286 508 1446 540 Colonien.
1467 509 1579 540 mand.
1596 511 1644 543 ut,
1666 509 1832 549 inquisita
1849 510 2003 546 veritate,
2024 519 2148 550 corpus
2163 511 2339 551 quusdam
2356 510 2473 543 mulie-

874 561 931 598 ris,
951 570 1024 601 qua·
1043 562 1131 600 apud
1149 562 1260 593 locum
1280 562 1422 593 fratrum
1436 562 1475 594 Ο.
1492 563 1529 594 Ρ.
1548 562 1783 602 Osnaburgen.
1801 563 2013 602 sepulturam
2030 563 2189 602 elegerat,
2206 564 2312 604 priori
2329 567 2361 595 et
2375 573 2472 596 conv.

873 614 1039 645 (lictorum
1060 615 1200 646 fratrum
1219 615 1352 646 restitui
1370 615 1505 647 saciata
1521 616 1620 655 capit.
1649 616 1728 647 eccl.
1750 616 1997 656 Osnaburgen„
2016 617 2076 656 qui
2094 616 2180 648 illud
2202 617 2425 656 abstulerant,
2441 618 2474 649 et

873 668 966 699 eosd.
986 669 1133 707 priorem
1147 670 1179 699 et
1195 677 1289 699 conv,
1307 677 1372 699 non
1390 669 1564 708 permittat
1578 677 1680 709 super
1693 669 1769 708 jure
1785 668 1899 700 liberae
1912 669 2095 709 sepulturae
2110 669 2151 700 ab
2165 670 2339 710 aliquibus
2355 670 2474 702 moles-

872 721 948 752 tari.
969 721 1019 759 (A.
1042 723 1112 758 115,
1130 722 1152 752 f.
1172 723 1231 751 207
1246 727 1274 757 2¹5
1295 721 1331 753 V.
1349 723 1400 759 67,
1421 730 1473 761 ep.
1489 722 1574 760 283.)

915 774 925 784 ·
942 771 1053 803 5915.
1073 793 1107 798 -
1127 774 1284 805 θιιΙΙιανάο
1299 785 1322 806 s.
1344 775 1444 804 Lucioe
1459 775 1490 805 in
1505 775 1602 805 Silice
1611 776 1690 805 diac.
1707 774 1792 805 card.
1810 776 1960 815 dispens,
1978 784 2081 816 super
2094 776 2218 816 plural.
2235 775 2346 808 benef.
2366 778 2399 809 et
2415 777 2474 809 de-

872 828 958 859 fectu
978 829 1009 859 in
1031 828 1207 859 ordinibus
1223 830 1255 859 et
1272 829 1380 863 aetate.
1397 837 1472 859 cum
1491 828 1623 859 indulto
1637 830 1674 859 ut
1687 829 1817 859 ratione
1835 829 1979 869 aliqu'us
1993 829 2104 860 benef.
2122 838 2262 861 suorum
2279 838 2346 861 non
2359 831 2474 862 tenea—

870 883 970 912 turse
986 882 1092 912 facere
1106 882 1138 911 in
1153 881 1264 920 presb.
1277 881 1406 920 absque
1421 881 1532 912 mand.
1551 882 1582 912 S.
1600 882 1639 912 A.
1673 882 1877 921 promoveri.
1893 882 1944 921 (A.
1963 884 2031 918 ¹¹5,
2047 882 2070 913 f.
2085 882 2185 919 209b3
2203 882 2239 914 V.
2255 885 2308 920 67,
2322 891 2374 923 ep.
2387 885 2473 923 308.)

914 931 1025 963 5946.
1044 953 1082 957 -
1098 934 1252 972 Ανηαῐάο,
1269 945 1294 965 s.
1315 934 1480 964 Eustachii
1495 934 1576 965 diac.
1593 934 1692 972 card„
1711 935 1875 974 indulget.
1897 937 1934 966 ut
1948 935 2080 967 fructus
2095 936 2248 967 omnium
2264 935 2376 968 benef.
2397 945 2474 969 suo-

870 997 943 1018 rum
962 997 1035 1028 quae
1050 990 1202 1028 ternpore
1218 997 1284 1027 quo
1304 988 1366 1019 fuit
1383 988 1424 1018 ad
1447 987 1609 1019 honorem
1627 988 1858 1020 cardinalatus
1877 990 2076 1029 assumptus
2092 988 2279 1025 obtinebat,
2297 989 2339 1021 ab
2355 989 2474 1031 buJus·

870 1041 961 1072 modi
976 1044 1139 1081 tempore,
1158 1043 1190 1072 et
1207 1050 1323 1072 eorum
1341 1050 1414 1081 quae
1429 1041 1558 1072 obtinet
1577 1043 1609 1072 et
1625 1041 1804 1080 obtinebit,
1824 1050 2046 1082 quaecumque
2062 1042 2203 1078 fuerint,
2221 1042 2351 1084 integre
2365 1044 2473 1084 perci-

869 1095 939 1135 piat
952 1095 1079 1134 absque
1096 1095 1291 1126 residentia.
1311 1113 1348 1117 —
1365 1095 1390 1125 I.
1408 1103 1436 1125 e.
1455 1103 1499 1125 m.
1526 1103 1602 1134 ep.o
1618 1095 1848 1132 Lemovicen.,
1867 1096 1901 1126 et
1922 1095 2029 1135 priori
2047 1104 2075 1127 s.
2093 1095 2258 1127 Antonini
2278 1096 2472 1129 Ruthenen.

869 1149 927 1184 di.,
945 1157 981 1179 ac
997 1148 1123 1179 archid.
1140 1149 1271 1179 Dunen.
1292 1148 1326 1178 in
1345 1148 1424 1179 eccl.
1443 1149 1624 1179 Carnoten.
1642 1147 1693 1187 (V.
1711 1150 1762 1185 67,
1775 1157 1829 1188 ep.
1848 1148 1934 1189 312.)

912 1199 1023 1230 5917.
1044 1218 1077 1223 -
1099 1202 1182 1242 Ep.o
1203 1201 1373 1242 Trajecten.
1393 1202 1508 1233 mand.
1526 1202 1563 1232 ut
1580 1211 1655 1233 cum
1672 1202 1829 1233 Waltero
1845 1203 1886 1234 de
1900 1202 2128 1242 Eggemonda,
2146 1203 2327 1244 armigero,
2343 1206 2376 1235 et
2389 1203 2474 1236 Bea-

868 1255 963 1292 trice,
981 1255 1054 1294 eJus
1069 1263 1186 1290 uxore,
1199 1255 1374 1295 dispenset
1392 1263 1494 1294 super
1511 1255 1730 1286 matrimonio
1746 1255 1836 1286 inter
1851 1264 1921 1294 eos,
1938 1264 2004 1287 non
2016 1255 2172 1287 obstante
2185 1260 2234 1287 1v⁰
2250 1256 2472 1298 consanguin.

868 1309 984 1349 gradu,
999 1309 1068 1348 jam
1086 1309 1268 1339 contracto.
1289 1308 1342 1348 (A.
1358 1309 1389 1345 8,
1406 1308 1428 1338 f.
1448 1310 1507 1340 266
1524 1308 1556 1345 ¹¹3
1575 1307 1608 1338 V.
1623 1310 1675 1345 67,
1691 1317 1743 1348 ep.
1760 1310 1846 1347 479.)

912 1359 1020 1390 5948.
1041 1380 1079 1384 -
1099 1362 1220 1392 Simoni
1234 1361 1454 1398 Extandardo,
1472 1363 1550 1393 nato
1565 1362 1687 1401 quond.
1707 1370 1738 1393 n.
1757 1371 1788 1392 v,
1806 1361 1984 1393 Guillelmi
1996 1362 2196 1394 Extantardi
2211 1362 2299 1400 mil„
2315 1362 2406 1394 conf.
2421 1371 2475 1396 ca·

868 1424 945 1446 non.
963 1415 1025 1445 sub
1037 1424 1133 1454 exsp.
1146 1414 1261 1454 presb„
1276 1415 1367 1455 dign.
1386 1415 1457 1446 sive
1467 1417 1670 1455 personatus
1687 1424 1714 1446 S.
1731 1424 1759 1446 c.
1772 1415 1806 1445 in
1818 1415 1898 1446 eccl.
1914 1414 2138 1455 Neapolitan3
2153 1415 2309 1455 sequitur
2320 1415 2473 1456 dispens.

869 1477 970 1508 super
987 1468 1119 1499 defectu
1137 1469 1247 1499 aetatis
1265 1469 1315 1509 (17
1338 1470 1417 1506 an).
1438 1486 1476 1491 —
1503 1469 1529 1500 Ι.
1550 1477 1580 1500 e.
1603 1477 1648 1499 m.
1674 1468 1843 1509 archiep.o
1861 1469 2028 1508 Capuan„
2051 1470 2085 1500 et
2103 1468 2180 1500 abb.
2195 1470 2343 1500 monast.
2363 1477 2393 1501 s,
2410 1469 2476 1502 So·

869 1522 953 1562 phiae
968 1523 1209 1557 Beneventan,
1224 1531 1261 1553 ac
1281 1522 1430 1554 Gerardo
1448 1522 1488 1554 de
1502 1522 1610 1559 Lallo,
1633 1531 1704 1554 can.
1725 1522 1991 1557 Claromonten.,
2005 1522 2104 1562 Papae
2121 1522 2258 1562 cap.(A.
2276 1523 2307 1560 8,
2328 1522 2350 1553 f.
2365 1523 2425 1555 266
2441 1522 2471 1560 ¹²3

875 1576 907 1606 V.
925 1578 975 1612 67,
997 1584 1048 1614 ep.
1066 1577 1150 1612 480.)

913 1626 1023 1657 5949.
1050 1647 1081 1652 -
1099 1628 1300 1667 Guisclzardo,
1322 1634 1396 1659 nato
1418 1639 1448 1660 n.
1469 1639 1496 1659 v.
1519 1628 1663 1659 Ademari
1679 1628 1717 1659 de
1731 1629 1884 1666 Pictavia,
1906 1629 1994 1660 conf.
2015 1637 2134 1660 canon.
2152 1628 2216 1660 sub
2239 1637 2336 1669 exsp.
2353 1628 2472 1670 praeb.,

868 1692 905 1714 ac
921 1683 1011 1723 dign.
1032 1692 1092 1714 seu
1110 1684 1324 1722 personatus,
1343 1683 1396 1714 vel
1418 1683 1473 1714 off.
1492 1683 1524 1713 in
1545 1683 1625 1714 eccl.
1644 1683 1849 1722 Lingonen.;
1873 1691 1940 1714 non
1964 1682 2051 1713 obst.
2071 1682 2107 1713 in
2129 1682 2210 1713 eccl.
2227 1682 2403 1714 Vivarien.
2420 1691 2471 1715 ca-

868 1746 944 1767 non.
964 1739 995 1767 et
1012 1736 1113 1776 praeb.
1131 1755 1166 1759 —-
1183 1737 1209 1767 I.
1227 1745 1254 1767 e.
1277 1745 1321 1766 m.
1338 1745 1443 1776 praep.
1469 1736 1690 1773 Avinionen.,
1710 1738 1742 1767 et
1760 1736 1886 1767 archid.
1914 1736 2102 1773 Vivarien.‚
2128 1744 2165 1767 ac
2192 1736 2344 1767 sacristae
2362 1735 2472 1776 ejusd.

868 1790 1070 1821 Avinionen.
1089 1790 1169 1820 eccl.
1192 1790 1243 1826 (A.
1262 1791 1292 1825 8,
1310 1790 1331 1820 t'.
1353 1791 1412 1821 249
1426 1789 1459 1826 '';
1478 1790 1514 1820 V.
1533 1791 1584 1827 67,
1605 1798 1656 1829 ep.
1676 1790 1775 1830 522.)-

911 1841 1022 1872 5950.
1042 1862 1078 1865 -
1092 1843 1260 1880 Ludovico,
1278 1842 1317 1873 el.
1339 1842 1531 1880 Dunelmen.,
1547 1843 1701 1883 indulget
1713 1845 1749 1874 ut
1762 1851 1869 1883 usque
1885 1843 1926 1873 ad
1943 1852 1974 1873 V1
1990 1851 2126 1874 menses
2141 1851 2266 1874 munus
2282 1843 2470 1874 consecrat.

868 1897 1016 1937 recipere
1035 1898 1175 1928 minime
1188 1898 1354 1931 teneatur,
1369 1897 1467 1937 juxta
1482 1897 1626 1928 aliarum
1645 1905 1746 1936 super
1764 1897 1825 1928 hoc
1847 1897 2057 1927 indultarum
2077 1897 2108 1927 ei
2125 1896 2369 1927 continentiam
2381 1895 2473 1927 litte-

867 1960 981 1982 rarum
1005 1950 1129 1990 quibus
1150 1959 1268 1990 parere
1291 1959 1358 1981 non
1385 1952 1552 1990 potuerat,
1577 1959 1616 1981 eo
1639 1951 1720 1990 quia
1742 1950 1814 1989 ipse
1834 1951 1867 1981 et
1887 1959 1919 1980 n.
1938 1959 1969 1980 V.
1992 1949 2162 1981 Henricus
2177 1949 2224 1980 de
2243 1949 2469 1987 Bellomonte‚

867 2005 976 2039 miles,
1000 2005 1103 2035 frater
1131 2004 1215 2043 ejus,
1232 2013 1299 2035 una
1317 2013 1392 2035 cum
1406 2004 1605 2041 Gaucelino,
1624 2012 1670 2034 ss.
1689 2003 1878 2035 Marcellini
1894 2006 1926 2035 et
1944 2004 2034 2034 Petri
2052 2002 2178 2042 presb,
2195 2004 2227 2034 et
2242 2003 2345 2041 Luca,
2359 2011 2388 2034 s.
2402 2003 2470 2035 Ma-

866 2059 916 2089 ria
936 2059 970 2089 in
985 2058 1121 2089 Vialata
1135 2058 1220 2088 diac.
1234 2058 1337 2094 card,
1354 2058 1393 2089 A.
1410 2058 1443 2089 S.
1462 2058 1503 2088 ad
1518 2058 1631 2097 partes
1647 2058 1777 2097 Angliae
1791 2057 1932 2093 nuntiis,
1951 2065 2010 2096 per
2024 2056 2189 2096 quosdam
2203 2055 2471 2088 nefandissimos

866 2121 951 2151 quos
972 2111 1038 2142 sibi
1062 2111 1243 2142 credebant
1263 2111 1391 2142 amicos
1416 2111 1448 2142 in
1472 2111 1594 2142 itinere
1617 2111 1706 2150 capti
1731 2111 1877 2147 fuerant,
1901 2119 1940 2141 ac
1960 2109 2062 2141 rebus
2084 2110 2244 2141 omnibus
2268 2109 2420 2149 spoliati,
2438 2110 2472 2142 et

866 2166 923 2196 diu
939 2165 973 2195 in
989 2174 1121 2195 carcere
1139 2165 1277 2196 detenti.
1292 2165 1346 2205 (A.
1364 2166 1394 2202 8,
1416 2165 1439 2195 f.
1456 2166 1514 2195 271
1533 2170 1561 2202 ὃς
1584 2165 1620 2195 V.
1638 2166 1688 2201 67,
1711 2173 1764 2204 ep.
1782 2166 1866 2203 533.)

910 2216 1020 2247 5951.
1041 2236 1076 2240 -
1092 2218 1233 2248 Arnaldo
1248 2229 1272 2249 s.
1290 2218 1454 2248 Eustachii
1472 2218 1552 2249 diac,
1571 2217 1657 2248 card.
1672 2218 1835 2258 indulget.
1849 2218 1885 2248 ut
1901 2216 2016 2247 clerici
2035 2216 2089 2247 sui
2108 2215 2216 2248 famil.
2237 2215 2429 2251 domestici,
2438 2216 2471 2247 et

865 2272 1015 2303 continui
1034 2272 1295 2308 commensales,
1315 2272 1387 2302 suis
1411 2272 1585 2311 obsequiis
1602 2271 1816 2307 insistentes,
1835 2271 1964 2301 fructus
1980 2269 2091 2301 benef.
2111 2278 2251 2301 suorum
2265 2269 2300 2300 in
2315 2268 2471 2301 absentia

865 2326 994 2365 integre
1015 2325 1189 2364 percipere
1214 2325 1361 2356 valeant.
1381 2343 1416 2347 -
1435 2326 1462 2355 Ι.
1480 2334 1508 2356 e.
1528 2333 1573 2355 m.
1593 2324 1653 2355 eid.
1675 2324 1761 2355 card.
1783 2324 1825 2355 ad
1842 2323 2038 2355 liberiorem
2063 2323 2178 2363 gratiae
2195 2323 2350 2354 effectum
2375 2330 2468 2354 conc.

864 2379 965 2409 facul.
983 2378 1126 2409 faciendi
1144 2387 1203 2417 per
1219 2387 1266 2414 se,
1281 2379 1451 2410 velalium
1469 2387 1530 2409 seu
1544 2378 1630 2409 alios
1643 2378 1727 2409 eisd.
1743 2378 1877 2409 clericis
1889 2377 2047 2417 praefatos
2064 2377 2195 2407 fructus
2211 2376 2339 2416 integre
2352 2375 2472 2407 minis·
2520 2375 2522 2377 '

864 2432 959 2463 trari.
976 2432 1029 2472 (A.
1046 2434 1076 2469 9,
1092 2432 1115 2462 f.
1133 2434 1192 2463 244
1206 2432 1235 2469 ¹³3
1262 2432 1296 2463 V.
1314 2434 1365 2469 68,
1383 2441 1435 2471 ep.
1453 2433 1556 2470 1308.)

908 2483 1019 2514 5952.
1035 2502 1073 2507 —-
1094 2485 1255 2515 Frederico
1271 2486 1337 2526 regi
1357 2485 1523 2516 Trinacriae
1539 2485 1723 2525 quittantia
1733 2485 1813 2516 3000
1829 2493 1904 2515 unc.
1922 2483 1997 2515 auri
2012 2492 2072 2523 pro
2089 2491 2193 2514 censu
2207 2482 2329 2514 insulae
2343 2481 2469 2514 Siciliae

863 2539 942 2570 anni
963 2540 1040 2570 1315
1058 2538 1247 2570 solutarum
1257 2548 1266 2574 3
1283 2539 1437 2578 sequitur
1452 2539 1622 2570 absolutio
1641 2538 1682 2569 ab
1698 2547 1827 2569 excom.
1852 2537 2033 2568 sententiis
2047 2545 2132 2576 quas
2150 2537 2290 2576 propter
2306 2535 2470 2567 cessatio·

863 2601 940 2623 nem
956 2592 1038 2623 dicti
1053 2600 1175 2623 census
1189 2592 1389 2629 incurrerat,
1407 2595 1439 2623 et
1455 2591 1803 2623 relaxatiointerdicti
1815 2591 1868 2622 cui
1878 2590 1951 2622 ead.
1969 2598 2072 2621 causa
2087 2589 2177 2620 dicta
2191 2589 2305 2620 insula
2315 2588 2467 2629 subjace-

862 2645 929 2676 bat.
951 2646 1002 2686 (A.
1019 2647 1049 2682 8,
1068 2645 1090 2677 f.
1110 2647 1167 2676 187
1185 2645 1213 2681 b;
1238 2645 1274 2676 V.
1293 2647 1343 2682 67,
1361 2654 1412 2685 ep.
1433 2646 1519 2685 281.)

907 2696 1018 2727 5953.
1029 2717 1068 2721 -
1078 2698 1256 2729 Guillelmus
1270 2698 1345 2728 abb.
1360 2701 1505 2729 monast.
1516 2698 1750 2738 Virgiliacen.,
1764 2697 1806 2728 ad
1820 2698 1861 2729 R.
1873 2698 1912 2728 E.
1924 2696 2020 2728 nullo
2034 2696 2146 2727 medio
2160 2695 2297 2735 pertin„
2315 2695 2356 2727 O.
2370 2694 2466 2733 S.B.‚
2491 2726 2494 2727 γ

862 2752 1005 2783 AEduen.
1025 2753 1084 2789 di.,
1103 2752 1140 2783 fit
1159 2751 1236 2783 abb.
1255 2752 1400 2783 monast.
1421 2751 1627 2787 Molismen.‚
1655 2751 1737 2782 dicti
1758 2751 1843 2788 ord..
1859 2751 2047 2790 Lingonen.
2065 2749 2124 2786 di.,
2143 2749 2178 2779 in
2199 2757 2265 2789 quo
2281 2749 2360 2788 post
2382 2747 2466 2780 obit.

861 2805 1029 2836 Guidonis
1045 2805 1122 2836 abb.
1139 2806 1213 2836 duae
1225 2805 1360 2836 fuerunt
1375 2804 1551 2836 celebratae
1568 2805 1763 2842 electiones,
1775 2813 1842 2835 una
1857 2803 2015 2835 videlicet
2029 2802 2229 2840 Alexandri,
2248 2802 2289 2833 de
2302 2801 2464 2837 Lucheto,

862 2859 930 2889 alia
944 2859 1087 2890 Joannis
1108 2867 1135 2890 s.
1160 2858 1296 2895 Auiani,
1314 2858 1354 2888 de
1372 2858 1569 2889 Tornodoro
1595 2858 1808 2897 prioratuum
1823 2857 1987 2897 priorum,
2006 2856 2066 2887 sed
2081 2856 2276 2887 Alexander
2293 2863 2346 2895 ap.
2367 2855 2401 2887 S.
2423 2854 2464 2886 Α.

861 2911 958 2949 obiit,
975 2913 1125 2943 Joannes
1141 2921 1220 2943 vero
1239 2912 1331 2943 omni
1346 2911 1415 2951 ⁸juri
1434 2911 1501 2941 sibi
1517 2911 1721 2951 competenti
1739 2910 1956 2942 renuntiavit.
1975 2927 2014 2932 —
2032 2910 2058 2940 Ι.
2073 2918 2103 2940 e.
2121 2918 2166 2940 m.
2182 2908 2302 2948 priori,
2321 2916 2416 2940 conv.
2432 2908 2466 2940 et

861 2965 1020 2996 vassallis
1045 2967 1188 2996 monast.
1209 2965 1401 2996 Molismen.
1417 2964 1469 3003 (Α.
1486 2966 1516 3001 8,
1535 2964 1557 2995 f.
1574 2966 1634 2995 232
1651 2965 1680 3001 b,
1705 2964 1739 2995 V.
1756 2966 1808 3001 67,
1825 2973 1877 3003 ep.
1897 2963 1984 3002 361.)
