2592 3562
185 421 285 447 Datum
300 413 484 448 Avenione.

172 1003 206 1029 Η
225 1003 254 1036 (v
268 1001 320 1035 id.)
335 1003 403 1028 maii
417 1001 506 1028 1318.

284 1046 315 1072 T.
333 1046 388 1074 CX.

297 1642 332 1669 Ut
349 1650 373 1669 s.

264 1687 295 1713 T.
316 1686 414 1713 XVIII.

298 1748 333 1776 Ut
355 1757 378 1775 s.

278 1793 308 1819 Τ.
330 1793 399 1820 XIV.

297 1856 332 1883 Ut
358 1864 381 1883 s.

280 1900 310 1927 Τ.
328 1900 399 1927 XVI.

301 2068 335 2096 Ut
356 2076 379 2095 s.

279 2114 310 2140 T.
332 2113 411 2140 XXX.

302 2228 339 2255 Ut
358 2236 381 2255 s.

254 2272 285 2299 T.
302 2272 348 2305 XI,
364 2272 435 2298 XIII.

306 2493 340 2521 Ut
360 2502 383 2520 s.

267 2538 297 2564 T.
311 2538 344 2567 X,
363 2538 422 2565 XII.

310 2813 346 2840 Ut
360 2821 383 2840 s.

200 2858 247 2887 Gr.
265 2866 315 2892 pro
333 2865 398 2892 nep.
413 2858 494 2885 card.

556 328 729 359 JOANNIS
753 327 871 358 PAPAE
893 327 994 357 XXII.
1020 329 1268 365 (1316-1334).
1290 345 1328 348 —
1350 326 1536 356 LITTERAE
1561 326 1785 357 COMMUNES
2122 331 2179 360 153

583 514 675 545 ciens
703 518 909 554 censeretur,
930 526 949 547 a
973 518 1147 548 Clemente
1166 518 1229 549 ΡΡ.
1249 518 1278 548 V
1295 517 1385 556 quod
1412 517 1671 556 praeposituram
1688 518 1797 549 eamd.
1821 527 1888 548 una
1909 527 1985 549 cum
2002 519 2182 550 archidiac.

583 568 753 606 praedicto,
775 569 803 599 si
821 570 934 608 ipsum
952 579 1054 610 super
1070 579 1108 601 eo
1128 571 1168 601 de
1197 571 1257 601 lite
1275 570 1483 609 contingeret
1514 570 1692 601 victoriam
1710 572 1893 609 reportare,
1913 580 2042 602 necnon
2065 581 2184 603 canon.

583 624 614 651 et
631 621 732 660 praeb.
752 623 923 661 praedictis
941 626 1056 662 posset
1072 623 1165 654 licite
1182 623 1328 654 retinere
1341 625 1373 663 (v
1389 623 1530 662 kal.jul.
1545 633 1574 654 a.
1593 623 1667 662 viu)
1678 623 1826 654 obtinuit
1837 632 1952 654 secum
1968 626 2054 655 auct.
2073 626 2182 664 apost.

584 675 788 713 dispensari,
806 677 962 716 quamvis
979 677 1099 708 litterae
1114 677 1193 708 inde
1208 676 1379 714 confectae,
1400 678 1538 716 propter
1556 677 1667 716 ipsius
1687 676 1754 707 ΡΡ.
1774 677 2070 715 supervenientem
2086 678 2183 715 obit„

583 728 720 759 bullatae
739 738 804 760 non
823 729 983 760 fuissent.
997 730 1157 761 Decernit
1180 730 1294 769 itaque
1312 730 1381 761 ΡΡ.
1401 730 1691 769 dispensationem
1708 730 1903 769 hujusmodi
1923 739 1942 760 a
1956 730 2116 769 praedicta
2131 730 2185 761 die

584 783 706 817 valere,
727 791 764 813 ac
780 783 809 812 si
823 783 983 823 {praefatae
1002 783 1124 814 litterae
1137 782 1276 814 bullatae
1293 783 1506 819 extitissent;
1524 792 1590 814 non
1605 783 1692 814 obst.
1712 783 1802 822 quod
1818 783 1852 813 in
1869 783 2062 814 Narbonen.
2082 785 2114 814 et
2130 783 2184 814 El-

583 844 659 866 nen.
688 845 804 866 canon.
824 839 856 867 et
883 836 999 875 praeb.‚
1016 846 1053 867 ac
1069 837 1251 876 quamdam
1269 837 1517 867 succentoriam
1533 836 1725 875 simplicem
1740 836 1775 866 in
1791 836 1951 875 praedicta
1966 836 2085 867 Elnen.
2104 836 2184 867 eccl.

583 897 660 919 cum
681 889 883 928 quibusdam
909 890 1153 929 praestimoniis
1173 890 1208 920 in
1234 890 1391 920 terminis
1409 889 1501 920 Villa
1523 898 1611 926 rosa,
1636 897 1766 920 necnon
1791 889 2012 928 capellaniam
2038 889 2078 920 de
2103 889 2186 919 Mal-

585 942 696 978 leolis,
717 942 834 973 Elnen.
853 943 912 979 di.,
930 942 1090 974 obtineat.
1112 942 1163 983 (A.
1181 944 1210 978 9,
1231 942 1255 973 f.
1273 944 1334 973 492
1347 948 1378 978 a,
1407 942 1437 973 V.
1453 944 1505 979 68,
1521 951 1572 982 ep.
1592 943 1695 980 1592.)

629 996 640 1006 “
662 993 771 1024 7166.
791 1014 828 1017 -
847 995 1015 1036 Arckiep.o
1045 995 1262 1033 Terraconen„
1287 1000 1316 1025 et
1334 995 1455 1026 archid.
1475 994 1756 1035 Caesarauqustan.,
1774 1005 1809 1025 ac
1842 1004 1924 1034 may.
1940 995 2131 1035 Berenyario
2150 994 2187 1025 de

583 1048 732 1079 Alverm'a
744 1059 810 1079 can.
829 1049 983 1080 Biterren.
999 1049 1083 1084 eccl„
1103 1049 1216 1080 mand.
1234 1050 1271 1080 ut
1287 1049 1411 1080 fratres
1426 1049 1497 1080 ord.
1516 1049 1726 1080 Calatraven.
1744 1048 1904 1079 inducant
1917 1048 1952 1078 in
1969 1048 2186 1087 possessione

583 1102 750 1133 bonorum
770 1112 843 1142 quae
859 1103 1028 1142 quondam
1046 1103 1126 1133 ordo
1143 1102 1277 1142 Templi
1294 1102 1439 1133 habebat
1455 1102 1489 1132 in
1501 1110 1603 1142 regno
1619 1101 1799 1138 Valentiae,
1817 1110 1946 1132 necnon
1958 1101 2093 1140 paroch.
2106 1101 2186 1132 eccl.

585 1156 687 1187 castri
699 1156 739 1186 de
757 1156 935 1190 Montesia‚
958 1156 1127 1187 Valentin.
1147 1156 1205 1190 di.,
1223 1165 1297 1195 quae
1313 1155 1401 1186 bona
1419 1156 1454 1186 in
1473 1155 1617 1186 monast‘.
1633 1155 1722 1185 infra
1735 1155 1864 1185 dictum
1874 1156 2022 1185 castrum
2040 1155 2080 1185 de
2096 1155 2189 1185 Mon-

584 1209 673 1240 tesia
689 1218 749 1249 pro
771 1209 967 1240 defensione
981 1210 1063 1240 dicti
1078 1210 1173 1249 regni
1188 1209 1355 1240 Valentiae
1371 1211 1487 1251 contra
1503 1208 1707 1239 Sarracenos
1727 1208 1953 1239 construendo
1967 1208 2187 1243 collocantur,

585 1265 618 1293 et
635 1271 674 1293 ea
691 1271 729 1294 ac
745 1263 834 1294 dicta
856 1262 937 1293 eccl.
957 1263 1022 1293 eid.
1039 1256 1256 1301 §monasterio
1269 1263 1304 1293 in
1317 1264 1518 1302 perpetuum
1532 1262 1710 1299 uniantur;
1725 1261 1780 1292 cui
1795 1261 1933 1301 quidem
1946 1261 2063 1292 unioni
2080 1269 2188 1292 acces-

586 1319 703 1347 serunt
721 1325 907 1347 consensus
927 1316 1092 1347 Leonardi
1107 1317 1147 1347 de
1167 1315 1329 1353 Tibertis,
1354 1316 1480 1355 prioris
1500 1315 1735 1351 Venetiarum,
1759 1314 1928 1355 generalis
1946 1314 2136 1345 visitatoris
2156 1314 2189 1345 et

586 1371 755 1411 generalis
771 1369 1000 1409 procuratoris
1025 1369 1216 1409 Hospitalis
1234 1378 1261 1400 s.
1284 1369 1427 1400 Joannis
1448 1369 1732 1405 Jerosolimitan„
1758 1368 1824 1406 (cui
1844 1368 2007 1407 hospitali
2030 1367 2189 1398 Clemens

586 1425 652 1455 ΡΡ.
667 1425 697 1454 V
713 1423 826 1454 omnia
841 1422 929 1454 bona
943 1422 1220 1462 Templariorum¹
1230 1422 1380 1460 donavit,
1399 1422 1552 1461 exceptis
1567 1422 1640 1452 illis
1655 1431 1729 1461 quae
1744 1421 1779 1452 in
1795 1421 1910 1461 regnis
1926 1421 2092 1457 Castellae,
2107 1420 2190 1451 Ara-

586 1487 723 1517 gonum,
744 1476 948 1516 Portugaliae
967 1478 1000 1507 et
1014 1476 1252 1515 Majoricarum
1271 1475 1490 1514 existebant‚)
1509 1478 1542 1506 et
1560 1485 1592 1506 n.
1612 1484 1644 1506 v,
1663 1475 1789 1506 Vitalis
1805 1475 1846 1505 de
1864 1474 2054 1511 Villanova‚
2072 1482 2190 1513 procu-

587 1531 710 1562 ratoris
730 1530 818 1570 regis
837 1531 1043 1569 Aragonum‚
1066 1530 1119 1560 cui
1135 1529 1206 1568 regi
1221 1530 1384 1569 magister
1399 1529 1481 1560 dicti
1496 1529 1567 1559 ord.
1587 1529 1799 1560 Calatraven.
1817 1528 2012 1567 homagium
2030 1528 2190 1566 praestare

586 1584 768 1615 tenebitur.
788 1574 884 1624 (Ab,
905 1583 926 1613 f.
946 1585 1005 1614 417
1020 1588 1033 1603 a
1045 1592 1054 1620 ;
1074 1583 1110 1613 V.
1122 1583 1172 1620 68,
1184 1591 1236 1622 ep.
1254 1582 1360 1621 1606.)

632 1635 742 1666 7167.
763 1655 794 1659 -
817 1636 857 1667 Ν.
876 1647 904 1666 υ.
922 1636 1045 1673 Carula,
1063 1636 1268 1676 primoqenito
1283 1635 1409 1666 Roberci
1419 1636 1498 1676 reqis
1512 1634 1640 1672 Siciliae,
1658 1635 1729 1665 duci
1741 1633 1906 1671 Calabriae,
1921 1636 1954 1665 et
1973 1633 2081 1674 eJusd.
2100 1633 2190 1672 regis

587 1692 621 1721 in
632 1699 734 1730 regno
747 1690 870 1721 Siciliae
883 1690 1009 1720 vicario
1018 1690 1180 1729 generali,
1194 1689 1356 1720 scribitur
1368 1691 1454 1724 uts,
1465 1698 1498 1720 n.
1510 1690 1600 1719 7157.
1613 1690 1666 1728 (A.
1680 1689 1727 1724 10,
1739 1688 1762 1718 f.
1774 1690 1814 1720 46
1824 1693 1851 1723 ³3
1873 1687 1907 1718 V.
1920 1688 1970 1723 68,
1983 1695 2034 1726 ep.
2053 1688 2130 1718 1755
2139 1685 2189 1726 Β.)

633 1741 741 1773 7168.
762 1762 798 1766 -
817 1742 858 1773 N.
876 1753 949 1779 v...,
970 1742 1094 1772 Boberti
1116 1742 1231 1773 Siciliae
1254 1743 1343 1783 reqis,
1365 1742 1525 1773 Senatoris
1545 1741 1645 1779 Urbis,
1664 1742 1696 1771 in
1713 1741 1779 1771 ead.
1800 1741 1879 1772 Urbe
1895 1741 2011 1771 vicario
2030 1739 2190 1770 scribitur

587 1799 628 1829 de
645 1798 774 1828 eadem.
791 1797 846 1837 (A.
866 1798 914 1833 10,
933 1796 955 1827 f.
976 1799 1016 1827 46
1032 1796 1063 1832 Ι),
1087 1796 1122 1827 V.
1142 1797 1193 1833 68,
1212 1805 1263 1835 ep.
1282 1797 1361 1827 1755
1376 1796 1428 1834 C.)

633 1848 743 1879 7169.
769 1868 806 1873 —
822 1850 908 1890 Ep.o
934 1849 1089 1887 Verulan.,
1108 1854 1137 1880 et
1156 1849 1224 1881 abb.
1237 1854 1367 1879 monast.
1379 1849 1415 1879 S.
1434 1849 1477 1879 M.
1491 1849 1528 1879 de
1547 1848 1680 1879 Victoria
1693 1848 1858 1879 Marsican.
1873 1847 1931 1883 di.,
1950 1857 1985 1877 ac
1996 1856 2098 1887 praep.
2116 1845 2188 1877 eccl.

556 1937 558 1945 ‚
588 1905 747 1944 Anaynin.
771 1904 881 1934 mand.
901 1905 937 1934 ut
960 1905 1078 1942 cogant
1101 1912 1219 1933 omnes
1237 1903 1295 1942 qui
1319 1902 1651 1933 administrationem
1675 1903 1820 1932 monast.
1844 1901 2022 1932 Sublacen.
2041 1900 2117 1940 post
2133 1908 2191 1930 ex—

556 1975 558 1994 1
589 1959 782 1998 pulsionem
804 1956 976 1988 Francisci
999 1956 1074 1987 abb.
1098 1957 1288 1996 gesserunt,
1311 1957 1347 1986 ut
1371 1956 1536 1987 rationem
1557 1955 1711 1991 reddant,
1734 1957 1766 1986 et
1788 1954 2036 1986 Bartholomaeo
2054 1953 2144 1987 abb„
2162 1953 2191 1983 si

589 2021 647 2043 eos
662 2011 853 2042 constiterit
871 2010 1038 2050 obligatos
1056 2010 1215 2046 existere,
1233 2009 1331 2048 plene
1349 2008 1573 2039 satisfaciant.
1592 2009 1642 2047 (A.
1658 2010 1707 2045 10,
1721 2008 1743 2038 f.
1755 2009 1793 2039 21
1806 2013 1834 2045 a;
1853 2007 1888 2039 V.
1905 2008 1958 2044 68,
1974 2016 2025 2046 ep.
2047 2008 2124 2037 1756
2135 2005 2191 2045 Α.)

635 2062 745 2093 7170.
766 2082 804 2086 -
821 2064 924 2103 Ep.us
936 2068 964 2093 et
981 2063 1047 2093 abb.
1065 2062 1249 2103 supradicti,
1267 2072 1302 2092 ac
1317 2062 1453 2103 archipr.
1471 2061 1544 2092 eccl.
1561 2061 1597 2092 de
1609 2072 1632 2093 s.
1646 2061 1749 2098 Helia,
1765 2066 1854 2091 terrae
1869 2064 1997 2091 monast.
2017 2059 2190 2096 Cas-sinen„

590 2119 712 2149 dautur
733 2119 768 2148 ut
790 2117 922 2157 judices
947 2118 1202 2147 conservatores
1229 2115 1304 2147 abb.
1335 2117 1368 2146 et
1391 2124 1487 2146 conV.
1515 2115 1665 2154 praedicti
1689 2116 1832 2146 monast.
1859 2113 2037 2145 Sublacen.
2061 2112 2116 2153 (A.
2142 2113 2192 2149 10,

592 2172 613 2202 f.
632 2173 667 2202 21
684 2171 709 2207 b,
729 2171 765 2201 V.
790 2172 841 2208 68,
859 2179 910 2210 ep.
934 2171 1012 2201 1756
1034 2170 1087 2209 B.)

636 2222 745 2253 7171.
772 2242 808 2246 -
833 2224 924 2254 Petro
944 2223 980 2254 de
1005 2222 1157 2256 cardona,
1182 2222 1239 2262 qui
1263 2222 1298 2252 in
1319 2222 1399 2253 eccl.
1426 2222 1571 2253 Ilerden.
1597 2223 1686 2252 auct.
1709 2221 1774 2252 litt.
1802 2220 1989 2252 Clementis
2018 2219 2085 2250 ΡΡ.
2111 2218 2194 2249 Vin

591 2287 663 2309 can.
684 2278 747 2308 sub
766 2286 861 2316 exsp.
879 2277 982 2316 praeb.
1007 2279 1039 2307 et
1061 2276 1152 2315 dign.
1171 2277 1222 2307 est
1241 2277 1410 2314 receptus,
1428 2275 1591 2314 indulget.
1613 2274 1741 2306 consid.
1761 2273 1886 2311 Sancii,
1907 2273 1997 2312 regis
2019 2272 2194 2311 Maj0rica-

559 2361 561 2368 ,
592 2341 679 2368 rum,
701 2334 737 2362 ut
752 2331 910 2364 omnibus
928 2330 1007 2360 aliis
1028 2329 1113 2360 inibi
1131 2329 1408 2368 exspectantibus
1428 2328 1647 2359 anteferatur.
1670 2345 1707 2350 ——
1722 2328 1749 2358 Ι.
1770 2336 1798 2358 e.
1818 2336 1863 2358 m.
1883 2326 2009 2357 archid.
2027 2325 2193 2365 Urgelleti

560 2403 562 2425 f
592 2387 624 2416 et
645 2385 907 2415 Vallisandorrae
924 2383 1110 2423 Urgellen.,
1130 2384 1162 2413 et
1177 2382 1387 2414 Galcerando
1401 2382 1442 2413 de
1455 2381 1648 2413 Barberano
1664 2390 1702 2412 ac
1716 2380 1867 2412 Arnaldo
1883 2380 1923 2410 de
1946 2378 2099 2415 CumbiS,
2120 2386 2193 2409 can.

560 2433 561 2436 ’
593 2438 836 2469 Barchinonen.
856 2437 935 2467 eccl.
958 2436 1010 2474 (A.
1031 2437 1079 2472 10,
1097 2436 1121 2466 f.
1138 2437 1177 2467 67
1193 2441 1220 2471 ³3
1243 2435 1279 2466 V.
1296 2436 1346 2470 68,
1368 2444 1419 2475 ep.
1440 2437 1544 2473 1799.)

639 2488 749 2519 7172.
768 2508 806 2512 —
827 2489 1024 2530 Raymundus
1043 2489 1135 2519 Bovis
1149 2497 1221 2520 can.
1236 2489 1495 2523 Barchinonen.‚
1512 2488 1656 2519 sacrista
1672 2488 1711 2518 de
1726 2487 1912 2518 Castilione
1930 2495 1958 2516 c.
1976 2494 2002 2515 c.
2021 2486 2053 2515 et
2067 2492 2139 2523 cap.
2155 2483 2195 2513 de

594 2545 836 2584 Capitemagno
856 2552 883 2574 s.
905 2552 947 2580 c.,
965 2534 1159 2574 Gerunden.
1178 2542 1238 2577 di.,
1258 2542 1311 2573 cui
1328 2542 1486 2573 Clemens
1502 2541 1570 2572 ΡΡ.
1589 2541 1620 2573 V
1643 2541 1683 2571 de
1703 2539 1929 2580 praepositura
1945 2539 1980 2568 in
2006 2537 2087 2568 eccl.
2115 2537 2195 2567 Bar-

593 2598 771 2629 chinonen.
796 2598 903 2628 vacat.
927 2596 1087 2636 providit,
1110 2595 1268 2626 omnibus
1287 2595 1366 2626 aliis
1385 2595 1513 2626 ibidem
1529 2594 1773 2634 praeposituras
1791 2602 1851 2623 seu
1870 2592 2041 2622 mensatas
2059 2597 2198 2628 exspec-

594 2651 745 2683 tantibus
769 2649 988 2681 anteferatur.
1014 2667 1051 2671 —
1077 2650 1104 2680 I.
1129 2658 1158 2680 e.
1186 2658 1231 2680 m.
1257 2649 1383 2680 archid.
1411 2648 1576 2688 Urgelleti
1605 2649 1637 2678 et
1660 2646 1925 2678 Vallisandorrae
1947 2643 2133 2683 Urgellen.‚
2165 2643 2198 2672 et

593 2705 778 2737 Guillelmo
799 2704 839 2734 de
862 2703 1027 2734 Villarico
1051 2711 1088 2733 ac
1113 2702 1264 2733 Arnaldo
1286 2702 1326 2734 de
1349 2701 1622 2737 Monterotundo‚
1647 2699 1840 2732 Gerunden.
1869 2707 1941 2729 can.
1966 2697 2046 2728 eccl.
2076 2695 2126 2733 (A.
2148 2696 2198 2731 10,

596 2758 618 2789 f.
636 2759 676 2789 68
691 2763 722 2794 ³3
753 2756 783 2788 V.
805 2757 857 2793 68,
877 2765 928 2796 ep.
951 2756 1052 2794 1801.)

641 2809 752 2840 7173.
772 2827 810 2832 -
827 2808 956 2840 Nicolao
980 2807 1016 2839 de
1041 2808 1179 2840 Ceccano
1197 2818 1264 2839 can.
1294 2808 1482 2845 Astoricen.‚
1503 2806 1621 2838 Jacobi
1640 2815 1666 2837 s.
1684 2805 1820 2845 Georgii
1839 2804 1881 2835 ad
1903 2803 2027 2834 Velum
2047 2802 2199 2833 Aureum

596 2865 681 2895 diac.
703 2864 792 2895 card.
812 2872 902 2902 nep.,
931 2862 1093 2902 indulget.
1114 2864 1150 2894 ut
1166 2862 1276 2902 gratia
1302 2870 1398 2901 exsp.
1419 2861 1536 2901 praeb.,
1556 2869 1593 2891 ac
1612 2860 1825 2898 personatus,
1849 2857 1902 2887 vel
1920 2856 2024 2895 dign„
2049 2863 2110 2885 seu
2128 2854 2196 2890 off„

597 2927 625 2949 c.
643 2927 672 2949 c.
692 2917 745 2948 vel
768 2926 795 2948 s.
814 2927 855 2953 0.,
872 2916 952 2947 eccl.
970 2916 1174 2952 Astoricen.‚
1192 2915 1259 2946 sibi
1270 2915 1403 2954 pridem
1414 2914 1514 2951 facta,
1533 2921 1633 2944 suum
1646 2911 1765 2942 debeat
1782 2910 1899 2942 sortiri
1915 2909 2070 2940 effectum
2088 2907 2200 2947 quoad

598 2971 701 3012 praeb.
728 2978 804 3002 cum
832 2969 1075 3009 praestimoniis
1094 2969 1201 3008 eJusd.
1228 2968 1323 3004 eccl„
1345 2976 1405 3008 per
1429 2967 1614 2998 consecrat.
1635 2963 1799 2996 Bernardi
1819 2963 1887 3003 ep.i
1910 2962 2090 2994 Civitaten.
2109 2969 2199 2997 vac.;

307 3066 451 3094 JOANNIS
471 3065 554 3093 XXII.
576 3080 609 3085 —-
628 3065 659 3091 T.
681 3064 716 3091 11.
2024 3053 2059 3080 20
