2592 3562
348 323 406 354 160

378 412 484 439 Datum
502 406 687 440 Avenione.

421 515 458 543 18
474 515 542 542 maii
558 513 648 542 1318.

423 561 475 594 (xv
494 558 553 586 kal.
570 558 647 595 jun.)

438 604 469 631 T.
491 604 537 637 XI,
553 603 624 630 XIII.

492 727 527 755 Ut
548 736 571 754 s.

442 774 472 800 T.
492 773 537 806 XI,
554 772 625 799 XIII.

495 890 531 917 Ut
546 897 570 916 s.

442 934 472 962 T.
491 934 536 966 xl,
551 933 623 960 XIII.

492 1101 527 1127 Ut
551 1109 575 1127 s.

383 1147 429 1174 Gr.
446 1154 496 1181 pro
513 1153 588 1180 pers.
605 1145 685 1172 card.

497 1315 532 1342 Ut
548 1322 571 1341 s.

385 1360 433 1387 Gr.
448 1368 499 1395 pro
514 1366 589 1394 pers.
606 1359 685 1386 card.

492 1529 527 1555 Ut
552 1537 576 1556 s.

378 1574 426 1601 Gr.
447 1581 498 1608 pro
518 1580 594 1607 pers.
616 1573 694 1600 card.

497 1903 533 1930 Ut
554 1911 577 1930 s.

448 1948 477 1974 T.
496 1948 542 1982 XI,
558 1948 629 1974 XIII.

501 2170 537 2197 Ut
553 2178 575 2197 s.

447 2214 477 2240 T.
495 2214 540 2245 XI,
557 2214 627 2241 XIII.

496 2329 532 2357 Ut
558 2337 582 2356 s.

487 2374 516 2400 T.
540 2375 596 2401 XX.

506 2595 540 2622 Ut
557 2603 580 2622 s.

765 318 939 350 JOANNIS
963 319 1081 350 PAPAE
1104 319 1205 350 XXII.
1230 319 1478 359 (1316-1334).
1502 336 1541 341 —
1563 317 1749 349 LITTERAE
1772 318 1998 350 COMMUNES

817 515 927 547 7231.
948 534 985 539 —
1003 516 1176 557 Gaspardo,
1193 520 1266 546 nato
1283 515 1372 546 Petri
1391 515 1430 546 de
1449 515 1633 557 Υενριιαεεο,
1653 525 1749 556 prov.
1767 525 1884 547 canon.
1901 516 1982 547 0661.
2000 525 2027 547 s.
2051 516 2228 549 Michaelis
2247 517 2289 549 de
2303 517 2379 550 'rri-

772 571 862 607 dino‚
888 570 1076 602 Vercellen.
1103 570 1162 606 di.,
1184 569 1248 600 sub
1270 578 1368 609 exsp.
1390 569 1492 609 praeb.
1521 587 1558 594 -
1582 570 1607 601 Ι.
1633 578 1662 601 6.
1689 579 1734 601 m.
1758 578 1835 609 ep.o
1856 570 2033 610 Yporien„
2052 571 2085 602 et
2106 570 2214 610 priori
2230 572 2377 603 monast.

772 633 800 656 s.
818 625 911 655 Petri
934 632 1038 663 prope
1065 623 1301 660 castelletum,
1326 631 1387 663 per
1402 623 1552 663 priorem
1577 623 1671 654 soliti
1694 622 1787 664 gub„
1808 623 1998 655 Vercellen.
2018 623 2078 662 di.,
2098 632 2138 655 36
2153 623 2319 665 Gregorio
2336 624 2378 656 de

771 677 901 709 Solerio
916 685 988 708 can.
1005 676 1218 707 Linoolnien.
1236 676 1288 715 (A.
1302 677 1335 713 9,
1350 676 1372 707 f.
1391 678 1431 708 69
1446 676 1476 714 ”3
1500 676 1536 708 V.
1556 678 1607 714 68,
1625 685 1679 716 ep.
1696 677 1800 716 1121.)

817 727 927 758 7232.
953 748 990 752 —
1011 728 1129 759 loanni
1143 733 1216 759 nato
1240 728 1328 760 Petri
1351 729 1388 760 de
1411 728 1579 770 Ver-guasco
1598 729 1671 760 ead.
1689 730 1797 769 gratia
1814 729 1849 760 16
1864 729 1945 761 6661.
1964 730 2002 762 Β.
2021 731 2067 762 M.
2082 730 2294 766 vercellen.;
2310 739 2379 762 non

772 783 858 814 obst.
874 791 992 814 canon.
1011 782 1091 813 ecel.
1115 791 1143 812 s.
1163 781 1325 822 Stephani
1342 782 1382 814 de
1405 783 1560 823 Bugella,
1579 783 1769 814 Vercellen.
1788 782 1849 820 di.,
1865 782 1928 814 sub
1943 791 2041 824 exsp.
2058 783 2164 824 praeb.
2181 800 2220 806 —
2236 784 2263 815 I.
2282 792 2312 815 e.
2331 792 2377 815 m.

772 838 808 866 ut
824 845 851 866 s.
869 836 922 876 (A.
936 838 968 873 9,
986 835 1008 866 f.
1026 837 1066 867 70
1082 835 1113 872 ι’;
1136 835 1171 866 V.
1192 837 1243 873 68,
1262 844 1314 875 ep.
1331 837 1435 874 1122.)

817 886 927 918 7233.
948 907 984 911 -
1000 888 1136 919 Antonio
1156 893 1229 919 nato
1248 888 1334 920 Petri
1351 888 1388 920 de
1409 888 1578 929 Verquasco
1597 889 1670 920 ead.
1699 889 1809 929 gratia
1833 889 1869 920 16
1891 889 1971 921 6661.
1990 890 2154 930 Yporien.
2176 908 2214 913 —
2234 890 2261 922 I.
2283 899 2312 921 e.
2331 899 2378 922 m.

772 951 848 982 ep.0
865 942 1062 980 Novarien.‚
1090 944 1122 973 et
1144 942 1251 982 priori
1278 943 1424 974 monast.
1455 951 1483 973 s.
1512 942 1607 974 Petri
1634 950 1740 982 prope
1767 942 2003 980 Castelletum‚
2025 951 2086 983 per
2109 943 2260 984 priorem
2283 943 2380 975 soliti

771 995 863 1035 gub„
890 996 1080 1027 Vercellen.
1105 996 1164 1032 di.,
1184 1004 1230 1027 36»
1245 996 1413 1027 Fraucino
1431 996 1472 1027 de
1494 995 1686 1027 Mediolano
1710 1004 1784 1026 can.
1809 995 1971 1027 Leodien.
1992 996 2046 1036 (A.
2070 998 2101 1034 9,
2120 996 2144 1027 f.
2161 999 2199 1028 71
2215 1002 2247 1033 ·;
2270 996 2306 1029 V.
2325 997 2378 1035 68,

772 1058 825 1089 ep.
847 1048 951 1087 1123.)

818 1099 927 1132 7234.
945 1120 983 1124 -
998 1101 1099 1140 Lucae,
1116 1102 1151 1132 S.
1171 1102 1214 1133 M.
1236 1102 1268 1132 in
1296 1102 1353 1134 Via
1369 1101 1434 1132 lata
1451 1102 1530 1134 diac.
1551 1101 1653 1138 card„
1674 1101 1826 1142 dispens.
1850 1103 1898 1139 ut,
1921 1104 2043 1142 praeter
2058 1102 2169 1135 benef.
2192 1112 2267 1144 quae
2291 1111 2381 1135 nune

774 1156 915 1193 obtinet,
933 1156 1000 1186 alia
1024 1155 1149 1191 benef.‚
1174 1156 1205 1187 si
1224 1155 1288 1186 sibi
1308 1165 1368 1196 per
1393 1156 1602 1193 Eduardum,
1623 1164 1738 1196 regem
1758 1155 1902 1196 Angliae,
1919 1156 1974 1187 vel
1999 1165 2247 1196 quemcumque
2272 1156 2381 1189 alium

774 1209 991 1240 conferantur
1011 1209 1065 1240 vel
1093 1209 1288 1245 offerantur,
1315 1209 1421 1240 libere
1450 1209 1601 1248 recipere
1631 1210 1664 1240 et
1688 1209 1781 1240 licite
1806 1209 1952 1240 retinere
1970 1209 2092 1241 valeat.
2119 1209 2173 1249 (A.
2191 1211 2223 1248 9,
2244 1209 2267 1242 f.
2291 1211 2332 1242 '19
2346 1209 2380 1247 ὓς

781 1262 813 1293 V.
832 1264 883 1299 68,
899 1271 952 1302 ep.
971 1264 1049 1294 1137
1065 1262 1122 1303 A.)

819 1313 929 1345 7235.
947 1333 984 1338 —
1003 1315 1168 1347 Gaucelino
1183 1326 1222 1346 ss.
1240 1315 1415 1347 Marcellini
1430 1320 1459 1346 et
1473 1316 1560 1346 Petri
1572 1315 1677 1357 presb.
1696 1316 1781 1348 card.
1799 1316 1912 1347 mand.
1931 1318 1968 1347 ut
1985 1316 2167 1356 compellat
2183 1316 2333 1356 priorem
2347 1317 2383 1349 et

758 1371 876 1409 'capia
902 1370 982 1401 6601.
1000 1370 1232 1401 WInctonien.
1261 1370 1304 1400 ad
1319 1369 1600 1400 satisfaciendum
1621 1370 1730 1407 Lucae,
1750 1370 1784 1401 S.
1809 1370 1855 1401 M.
1876 1360 1911 1400 in
1934 1369 2000 1401 Via
2018 1369 2088 1402 lata
2104 1370 2191 1401 diac.
2214 1369 2319 1408 card.,
2339 1369 2382 1402 de

774 1423 938 1463 pensione
948 1425 989 1455 10
1002 1423 1216 1454 marcharum
1233 1423 1376 1463 argenti,
1394 1424 1433 1454 A.
1451 1423 1485 1454 S.
1503 1423 1591 1454 auct.
1609 1431 1712 1463 super
1724 1423 1948 1463 proventibus
1961 1432 2079 1455 eorum
2094 1432 2266 1455 concessa.
2279 1423 2335 1463 (A.
2348 1425 2381 1463 9,

776 1477 798 1507 f.
816 1477 855 1507 80
872 1483 899 1514 ³;
924 1476 956 1507 V.
974 1477 1025 1514 68,
1043 1486 1095 1516 ep.
1115 1477 1192 1508 1137
1206 1477 1257 1516 Β.)

820 1527 930 1559 7236.
950 1547 986 1551 -
1003 1529 1102 1570 Epo,
1120 1530 1232 1560 decano
1243 1540 1280 1560 ac
1292 1530 1384 1570 capit.
1398 1529 1470 1560 eccl.
1488 1529 1670 1560 Ambianen.
1689 1530 1802 1561 mand.
1817 1532 1854 1561 ut
1870 1530 2071 1566 Adrianum,
2089 1539 2165 1570 nep.
2178 1531 2278 1562 Luoae
2288 1531 2323 1563 S.
2335 1529 2382 1562 M.

775 1584 810 1614 in
825 1583 891 1615 Via
905 1583 975 1614 lata
990 1584 1075 1615 diac.
1094 1584 1198 1620 card.,
1214 1583 1323 1614 filium
1339 1583 1465 1623 quond.
1487 1583 1660 1614 Frederici
1678 1584 1719 1615 de
1733 1584 1848 1615 Flisco
1863 1583 2021 1616 Lavaniae
2038 1583 2188 1624 comitis,
2202 1583 2384 1615 admittant

775 1637 817 1668 ad
839 1646 957 1668 canon.
974 1637 1056 1667 6661.
1074 1636 1291 1673 Ambianen.,
1308 1637 1348 1667 de
1375 1646 1442 1676 quo
1460 1636 1524 1667 sub
1539 1645 1636 1676 exsp.
1659 1637 1763 1677 praeb.
1787 1637 1855 1676 ipsi
1873 1646 1932 1677 per
1947 1637 2081 1668 litteras
2097 1639 2205 1676 apost.
2223 1637 2290 1669 fuit
2308 1645 2383 1678 pro·

776 1691 886 1721 visum
897 1700 906 1726 3
926 1699 993 1721 non
1009 1690 1096 1721 obst.
1115 1691 1206 1730 quod
1221 1691 1308 1729 ipse,
1323 1690 1362 1721 de
1381 1690 1492 1721 soluto
1508 1690 1644 1731 genitus
1662 1692 1695 1722 et
1710 1691 1834 1728 soluta,
1852 1691 2001 1730 patiatur
2017 1690 2185 1722 natalium
2201 1690 2383 1729 defectum,

776 1753 878 1784 super
894 1753 960 1784 quo
976 1753 1036 1783 per
1050 1745 1083 1775 S.
1104 1746 1144 1775 A.
1159 1743 1223 1775 fuit
1236 1753 1312 1774 cum
1329 1752 1368 1775 eo
1385 1744 1622 1784 dispensatum
1630 1753 1640 1780 ;
1657 1744 1730 1775 sive
1746 1744 1838 1784 quod.
1851 1753 1893 1775 ex
1907 1745 2035 1776 statuto
2047 1744 2154 1784 eJusd.
2170 1744 2251 1790 6661.
2267 1744 2385 1776 nullus

776 1797 954 1837 illegitime
974 1797 1109 1837 genitus
1126 1797 1167 1828 ad
1184 1797 1286 1837 praeb.
1312 1797 1463 1837 aliquam
1480 1797 1515 1828 in
1532 1797 1673 1837 praefata
1688 1797 1770 1829 6661.
1787 1798 1996 1829 admittatur.
2016 1797 2069 1838 (A.
2086 1799 2117 1833 9,
2134 1797 2158 1828 s.
2179 1799 2217 1829 13
2232 1802 2260 1834 ⁸3
2279 1797 2317 1829 V.
2331 1798 2384 1835 68,

777 1860 830 1891 ep.
851 1851 956 1889 1140.)

822 1901 932 1933 7237.
954 1922 991 1926 -
1008 1904 1122 1934 Pontio
1138 1903 1242 1934 Deleec
1258 1904 1478 1935 conferuntur
1493 1904 1629 1944 paroch.
1649 1904 1729 1935 6061.
1752 1913 1780 1936 s.
1799 1904 1942 1935 Joannis
1958 1904 1999 1936 de
2016 1904 2203 1936 Buxonone
2219 1907 2251 1935 et
2269 1913 2297 1936 s.
2313 1905 2385 1936 An-

777 1958 865 1989 dreae
882 1957 972 1988 dela
987 1958 1178 1997 Burgueda,
1203 1967 1347 1997 quarum
1374 1967 1441 1988 una
1465 1958 1632 1997 dependet
1648 1958 1690 1988 ab
1715 1958 1833 1995 altera,
1861 1957 2038 1989 Caturcen.
2060 1957 2119 1994 di.,
2136 1966 2207 1989 vac.
2227 1966 2289 1998 per
2305 1957 2387 1989 resi·

777 2013 867 2051 gnat.
893 2011 1057 2042 Bernardi
1080 2011 1250 2048 Granerii,
1279 2011 1346 2042 PP.
1371 2020 1457 2051 cap„
1483 2012 1582 2051 Juxta
1605 2011 1741 2043 constit.
1770 2020 1873 2051 super
1892 2010 2016 2051 plural.
2039 2011 2151 2043 benef.
2174 2028 2214 2034 —
2231 2011 2260 2043 Ι.
2282 2020 2312 2056 e.
2337 2020 2385 2044 m.

777 2065 949 2104 Figiaoen.
966 2067 998 2095 et
1015 2065 1279 2104 Montispensati
1297 2065 1472 2102 archid.is‚
1491 2073 1529 2095 30
1548 2065 1720 2096 Bernardo
1737 2065 1779 2096 de
1805 2065 2061 2096 Montelanardo
2081 2073 2154 2096 636.
2170 2064 2252 2096 6601.
2271 2064 2387 2097 Catur-

778 2127 850 2149 cen.
871 2119 922 2154 (A.
938 2119 969 2154 9,
984 2118 1007 2148 f.
1026 2119 1086 2149 224
1103 2118 1132 2155 ¹³3
1158 2117 1189 2149 V.
1206 2119 1257 2155 68,
1275 2127 1327 2158 ep.
1345 2119 1422 2150 1230
1439 2118 1494 2157 A.)

824 2168 934 2200 7238.
956 2190 993 2194 -
1012 2172 1127 2202 ,Ioanni
1146 2171 1304 2202 Michaelis
1319 2181 1414 2211 prov.
1435 2180 1552 2204 canon.
1575 2172 1656 2203 eccl.
1675 2180 1703 2202 s.
1722 2171 1885 2212 Stephani
1907 2171 1948 2203 de
1971 2172 2123 2203 Tescone
2144 2170 2385 2203 Montisalban.

780 2225 843 2256 sub
864 2233 960 2264 exsp.
989 2224 1091 2264 praeb.
1101 2234 1110 2261 3
1135 2234 1201 2256 non
1217 2225 1304 2256 obst.
1332 2225 1423 2265 quod
1440 2224 1552 2256 benef.
1571 2225 1615 2256 ad
1641 2225 1754 2256 collat.
1778 2225 1846 2264 ep.i
1869 2225 2122 2256 Claromonten.
2143 2225 2328 2265 exspectet.
2347 2243 2386 2248 —

779 2279 805 2309 Ι.
823 2287 852 2309 6.
871 2287 914 2308 m.
934 2279 970 2309 ut
988 2287 1015 2308 s.
1037 2279 1091 2318 (A.
1106 2280 1136 2315 9,
1154 2278 1178 2308 f.
1193 2280 1250 2309 221
1269 2284 1297 2314 ³3
1324 2277 1355 2309 V.
1372 2279 1422 2314 68,
1440 2287 1492 2318 ep.
1513 2280 1591 2310 1232
1602 2279 1656 2318 Β.)

825 2329 936 2360 7239.
954 2349 993 2354 —
1009 2331 1097 2372 Ep.o
1119 2331 1240 2368 Elien.,
1257 2336 1284 2361 et
1298 2331 1417 2362 archid.
1434 2331 1627 2369 Modilseccio,
1644 2338 1673 2362 ec
1689 2342 1772 2373 may.
1797 2330 1931 2362 Waltero
1946 2331 1983 2362 de
2001 2331 2117 2372 Thorp,
2135 2341 2202 2362 can.
2219 2330 2292 2362 eccl.
2309 2331 2389 2363 Lon-

780 2385 918 2422 donien.,
944 2385 1056 2415 mand.
1080 2387 1117 2416 ut
1142 2385 1277 2424 paroch.
1296 2385 1377 2416 6661.
1399 2385 1439 2416 (16
1466 2385 1735 2426 Winolingham‚
1765 2386 1818 2424 (27
1835 2385 1894 2416 lib.
1921 2384 2044 2424 sterL),
2067 2385 2178 2416 Elien.
2200 2384 2261 2420 di.,
2284 2393 2388 2425 quam

779 2439 928 2469 Joannes
950 2438 991 2469 de
1007 2437 1223 2476 Everisdon.‚
1244 2439 1344 2478 Juxta
1362 2439 1499 2470 constit.
1520 2448 1624 2478 super
1638 2439 1763 2479 plural.
1782 2438 1893 2470 benef.
1915 2438 2056 2476 dimisit,
2079 2438 2255 2470 conferant
2278 2438 2389 2469 Alano

781 2492 820 2522 de
837 2491 1004 2529 Hoohum‚
1027 2491 1107 2522 cler.
1129 2491 1312 2523 Eboracen.
1330 2492 1394 2530 di.;
1412 2501 1481 2523 non
1507 2492 1593 2524 obst.
1611 2492 1702 2532 quod
1721 2492 1767 2523 id.
1791 2492 1922 2523 Alanus
1938 2491 2019 2523 6661.
2037 2491 2172 2532 paroch.
2197 2491 2238 2523 de
2259 2491 2388 2528 Semi-e,

780 2545 993 2575 Wintonien.
1011 2545 1070 2581 di.,
1093 2545 1146 2585 (24
1163 2544 1222 2575 lib.
1241 2545 1350 2584 sterl.)
1370 2546 1531 2577 obtineat.
1552 2545 1604 2584 (A.
1619 2546 1650 2582 9,
1669 2545 1692 2576 f.
1708 2547 1767 2577 175
1783 2550 1812 2582 ³3
1834 2545 1868 2576 V.
1881 2546 1933 2583 68,
1950 2554 2003 2585 ep.
2021 2544 2127 2584 1267.)

826 2595 935 2628 7210.
955 2615 994 2620 -
1011 2597 1126 2628 loanni
1150 2608 1220 2638 ep.o
1237 2597 1343 2630 Elien.
1363 2608 1455 2630 cono.
1472 2599 1611 2630 licentia
1634 2599 1797 2630 fundandi
1814 2598 1856 2630 de
1875 2598 1975 2630 bonis
1992 2598 2142 2638 propriis
2159 2607 2263 2629 unam
2279 2597 2390 2638 capel-

780 2650 850 2682 lam
865 2651 902 2682 16
917 2650 1068 2682 manerio
1085 2651 1175 2682 dioto
1191 2651 1222 2682 le
1241 2651 1416 2683 Threhons
1432 2652 1468 2683 in
1485 2651 1667 2689 Horthum,
1684 2651 1870 2683 Eboracen.
1887 2651 1948 2690 di.,
1964 2651 2055 2691 quod
2068 2651 2111 2682 ad
2126 2651 2242 2691 ipsum
2257 2651 2389 2683 ratione

780 2713 934 2743 personae
956 2713 1025 2735 suae
1042 2704 1195 2736 noscitur
1211 2705 1394 2744 pertinere,
1414 2707 1448 2736 et
1464 2714 1539 2736 eam
1556 2705 1694 2736 dotandi
1710 2709 1747 2736 ut
1762 2714 1822 2745 per
1838 2713 1932 2745 perp.
1949 2713 2023 2744 cap.
2040 2704 2156 2735 divina
2171 2704 2285 2736 officia
2299 2705 2336 2736 in
2350 2713 2392 2736 ea

781 2757 1006 2790 celebrentur.
1023 2758 1076 2797 (A.
1093 2759 1124 2795 9,
1143 2757 1166 2789 f.
1185 2759 1243 2790 176
1259 2763 1288 2794 ³;
1311 2758 1346 2789 V.
1364 2760 1417 2796 68,
1435 2767 1489 2798 ep.
1508 2758 1612 2798 1269.)

827 2808 938 2840 7241.
958 2828 996 2833 —
1012 2800 1157 2842 Antonio*
1165 2810 1202 2842 de
1224 2810 1343 2842 Varisio
1358 2821 1452 2851 prov.
1472 2821 1590 2843 canon.
1605 2812 1685 2843 6601.
1709 2821 1736 2843 s.
1752 2811 1892 2843 Joannis
1907 2811 1948 2843 de
1962 2811 2143 2848 Modoetia,
2162 2811 2390 2843 Mediolanen.

782 2864 842 2901 di.,
861 2864 925 2895 sub
941 2873 1037 2904 exsp.
1054 2863 1158 2904 praeb.
1167 2874 1176 2901 3
1194 2864 1323 2896 consid.
1338 2865 1449 2902 Luoae,
1466 2865 1499 2896 S.
1518 2866 1564 2896 M.
1581 2865 1616 2896 in
1635 2865 1701 2898 Via
1713 2865 1783 2896 lata
1799 2865 1884 2896 diac.
1904 2865 2008 2902 card„
2027 2863 2124 2903 cujus
2139 2864 2219 2896 cler.
2235 2865 2269 2896 et
2279 2863 2388 2896 famil.

782 2917 900 2948 existit
906 2927 916 2954 3
932 2926 999 2949 non
1015 2917 1102 2949 obst.
1118 2918 1154 2948 in
1167 2917 1266 2958 plebe
1280 2926 1307 2949 s,
1323 2918 1485 2958 Stephani
1498 2918 1539 2950 de
1550 2918 1696 2958 Apiano,
1710 2918 1819 2958 ejusd.
1837 2918 1896 2954 di.,
1911 2925 2029 2949 canon.
2043 2920 2077 2949 et
2092 2917 2195 2957 praeb.
2209 2935 2248 2940 -
2258 2917 2285 2949 I.
2298 2926 2328 2949 e.
2343 2926 2389 2948 m.

782 2970 909 3002 Busolo
930 2971 971 3002 de
983 2971 1120 3007 Parma,
1135 2972 1337 3008 Tornacen„
1355 2980 1428 3011 cap.
1447 2972 1526 3009 PP„
1545 2974 1578 3003 et
1593 2971 1734 3003 Alberto
1748 2972 1789 3003 de
1800 2971 1934 3003 Vellate
1949 2979 1986 3002 ac
1999 2971 2166 3003 Catellolo
2179 2971 2221 3002 de
2233 2970 2390 3007 Medicis,

782 3024 1008 3056 Mediolanen.
1026 3033 1099 3056 636.
1119 3024 1200 3056 6661.
1216 3024 1272 3065 (A.
1291 3025 1321 3063 9,
1341 3024 1364 3056 f.
1381 3025 1441 3056 238
1455 3024 1469 3046 b
1479 3034 1489 3062 3
1513 3025 1549 3056 V.
1573 3027 1624 3062 68,
1642 3034 1694 3065 ep.
1716 3024 1822 3065 1291.)
