2592 3562
382 292 441 322 226

417 380 521 407 Datum
534 375 716 408 Avenione.

457 481 498 508 26
509 480 567 515 Jul.
588 480 676 508 1318.

453 528 509 560 (vu
526 524 584 553 kal.
603 526 683 560 aug.)

488 569 518 596 T.
539 569 572 603 X,
589 569 648 596 XII.

531 853 566 881 Ut
583 862 606 880 s.

480 898 511 925 T.
528 898 574 930 xl,
590 897 650 925 xm

462 1118 501 1145 27
512 1118 569 1152 jul.
590 1118 678 1146 1318.

463 1163 507 1198 (vi
523 1162 582 1190 kal.
598 1163 676 1198 aug.)

531 1490 567 1517 Ut
583 1498 606 1516 s.

469 1534 500 1560 Τ.
517 1533 575 1567 ΧΠ,
595 1533 668 1561 XIV.

527 1596 564 1624 Ut
584 1605 607 1623 s.

463 1642 508 1668 Gr.
526 1649 577 1676 pro
593 1641 670 1668 card.

530 1702 567 1730 Ut
581 1710 603 1729 s.

476 1747 506 1773 T.
524 1747 569 1780 XI,
587 1747 658 1773 XIII.

530 2075 566 2103 Ut
586 2084 610 2102 s.

476 2120 506 2147 Τ.
526 2119 572 2154 XI,
593 2119 664 2147 XIII.

533 2341 569 2368 Ut
584 2349 609 2368 s.

492 2386 523 2413 T.
540 2386 572 2419 x,
589 2385 647 2412 xu.

532 2554 569 2582 Ut
583 2563 606 2581 s.

491 2599 522 2627 T.
544 2599 576 2633 X,
596 2599 655 2626 XII.

532 2820 568 2847 Ut
584 2828 609 2847 s.

508 2865 538 2890 T.
559 2864 629 2891 XVI.

533 2926 570 2953 Ut
583 2934 606 2953 S.

533 2970 563 2997 T.
577 2971 608 2997 X.

781 287 954 320 JOANNIS
978 287 1095 319 PAPAE
1118 287 1219 318 XXII.
1243 288 1490 328 (1816-1834).
1515 305 1559 316 -ψ
1576 284 1761 316 LITTERAE
1784 282 2009 314 COMMUNES

854 476 962 508 7867.
982 497 1020 503 —-
1038 479 1172 510 Martino
1197 478 1340 510 Silveseri
1363 478 1399 509 de
1415 477 1513 508 Imola
1542 476 1629 508 conf.
1648 475 1746 516 plebs
1763 484 1824 506 seu
1847 473 1927 505 eccl.
1960 483 1988 504 c.
2006 482 2034 504 c.
2056 481 2104 504 ss.
2121 473 2264 504 Joannis
2276 474 2310 505 et
2322 472 2408 505 Mar·

809 533 872 564 tini
889 533 929 564 de
942 532 1130 572 Apicholis,
1146 531 1304 563 Civitatis
1327 531 1464 563 Castelli
1483 530 1544 567 di.,
1560 538 1629 560 vac.
1649 537 1710 569 per
1737 528 1818 559 obit.
1836 535 1889 566 ap.
1906 526 1939 557 S.
1957 527 1997 557 Α.
2015 525 2186 566 Reynaldi
2201 525 2242 557 de
2264 525 2408 558 civitate

810 585 970 622 Castelli;
995 594 1061 616 non
1084 584 1170 616 obst.
1189 585 1270 616 eccl.
1288 593 1315 615 s.
1333 593 1361 615 0.
1383 593 1410 615 s.
1427 583 1583 615 Silvestri
1607 583 1647 613 de
1670 581 1883 615 Civitanova.
1899 581 1931 611 et
1947 587 2065 610 canon.
2083 587 2121 610 ac
2143 578 2246 619 praeb.
2268 579 2349 611 eccl.
2366 579 2409 611 de

811 639 930 678 Gipso,
948 639 1098 670 Firman.
1118 639 1150 669 et
1164 637 1304 669 lmolen.
1324 637 1384 675 di.,
1399 646 1437 668 ac
1453 644 1570 668 canon.
1584 635 1647 666 sub
1665 643 1761 673 exsp.
1776 632 1878 673 praeb.
1894 632 1974 663 eccl.
1987 631 2336 668 Ravennaten.;eccl.
2352 640 2407 663 au-

810 693 878 723 tem
897 701 925 722 S.
944 691 1101 731 Dionysii
1118 701 1145 721 0.
1170 699 1212 728 0.,
1228 691 1378 722 Firman.
1394 690 1454 726 di.,
1473 691 1506 721 et
1525 687 1785 728 praeposituram
1802 685 1910 726 ejusd.
1938 686 2170 718 Ravennaten.
2191 685 2285 722 0001.,
2311 685 2409 726 cujus

812 745 959 776 nondum
982 746 1034 776 est
1058 744 1313 784 possessionem
1331 743 1485 783 adeptus,
1505 742 1664 773 dimittat.
1683 758 1721 763 -
1738 740 1764 770 1.
1786 748 1815 770 0.
1830 747 1875 770 111.
1895 738 2083 770 viterbien.
2100 739 2133 770 et
2149 738 2292 770 Imoleu.
2308 738 2408 779 ep.is,

811 807 848 830 ac
865 798 964 829 Petro
981 798 1022 828 de
1040 797 1230 836 Columpna
1246 805 1348 836 praep.
1367 795 1448 827 ecel.
1465 794 1653 826 Massilien.
1674 793 1725 830 (A.
1746 793 1795 827 10,
1816 792 1838 823 f.
1858 793 1915 824 135
1933 791 1964 829 b;
1989 791 2027 822 V.
2039 791 2091 829 68,
2110 800 2164 832 ep.
2187 791 2290 831 1823.)

856 847 965 880 7868.
984 867 1023 872 —
1039 850 1154 881 Joanm'
1180 854 1252 880 nalo
1271 849 1389 880 Thomae
1415 848 1441 879 T
1439 848 1574 884 heodim',
1591 847 1663 878 mil.
1682 845 1856 886 Aquilen„
1882 854 1976 885 prov.
2004 853 2122 876 canon.
2142 844 2222 876 eccl.
2247 844 2408 885 Aquilen.

812 903 875 936 sub
894 912 990 943 exsp.
1009 902 1111 943 praeb.
1126 913 1133 938 ;
1152 911 1218 934 non
1232 902 1320 934 obst.
1335 902 1369 933 in
1387 911 1414 933 s.
1433 902 1564 933 Cosmae
1581 901 1614 931 et
1628 909 1654 931 s.
1671 899 1782 930 Lentii
1799 899 1839 930 de
1853 898 2021 936 Camiau.‚
2038 900 2071 930 et
2087 906 2114 929 S.
2129 897 2298 930 Victorini
2313 897 2408 937 0001.,

811 957 970 997 Aquilen.
997 957 1055 993 di.,
1075 965 1193 987 canon.
1213 957 1244 987 et
1264 955 1366 995 praeb.
1383 972 1419 978 —
1437 955 1463 986 1.
1480 963 1507 985 e.
1526 963 1570 985 m.
1588 962 1664 993 ep.o
1690 952 1838 987 Reatin.,
1857 952 1944 983 etde
1961 960 1990 983 s.
2004 951 2151 987 Donato,
2168 959 2206 982 ac
2233 959 2280 982 ss.
2295 950 2410 992 cyrici

812 1012 845 1042 et
861 1010 975 1042 Julitae
1000 1010 1039 1040 de
1067 1009 1233 1041 clausura
1252 1009 1396 1040 monast.
1420 1007 1508 1045 abb.,
1529 1005 1698 1046 Eugubin.
1723 1006 1756 1036 et
1773 1004 1908 1036 Reatiu.
1935 1004 1981 1036 di.
2004 1005 2060 1045 (A.
2076 1005 2126 1042 10,
2141 1003 2165 1035 f.
2180 1004 2239 1036 192
2253 1009 2285 1041 ·;
2308 1002 2342 1034 V.
2356 1004 2408 1040 68,

812 1072 865 1103 ep.
883 1063 986 1103 1894.)

857 1114 966 1145 7869.
982 1133 1020 1138 —-
1038 1114 1136 1146 Hueto
1144 1114 1181 1145 de
1193 1113 1328 1145 Frolesio
1350 1114 1438 1145 conf.
1459 1113 1499 1144 de
1514 1121 1600 1143 novo
1621 1120 1739 1143 canon.
1759 1110 1839 1142 eccl.
1855 1111 1995 1143 Trecen.
2013 1110 2077 1142 sub
2094 1119 2192 1150 exsp.
2209 1109 2312 1151 praeb.
2329 1118 2409 1142 nam

812 1170 846 1201 in
865 1170 929 1201 litt.
950 1169 1076 1208 prioris
1099 1168 1307 1208 provisionis
1322 1167 1498 1207 proprium
1514 1174 1638 1197 nomen
1654 1165 1736 1196 eccl.
1754 1165 1895 1196 Trecen.
1916 1163 2134 1204 exprimitur,
2151 1163 2311 1196 videlicet
2326 1157 2408 1196 0001.

813 1232 841 1254 s.
858 1222 950 1253 Petri
971 1222 1124 1259 Trecen.,
1139 1221 1220 1252 licet
1235 1220 1270 1251 in
1297 1221 1388 1252 civit.
1407 1219 1546 1251 Trecen.
1563 1218 1658 1249 nulla
1681 1217 1748 1248 alia
1762 1217 1844 1249 0001.
1861 1216 1926 1249 sub
1942 1216 2107 1249 vocabulo
2122 1225 2151 1248 s.
2168 1217 2274 1253 Petri,
2288 1217 2411 1257 praetor

813 1276 922 1316 ipsam
938 1275 1179 1311 cathedralem,
1196 1274 1339 1310 existat;
1363 1273 1491 1304 consid.
1509 1271 1640 1304 Odonis
1659 1271 1756 1302 ducis
1772 1270 1977 1311 Burgundiae
1985 1279 1995 1306 ;
2014 1279 2082 1302 non
2097 1269 2185 1302 obst.
2199 1271 2235 1301 in
2250 1269 2331 1302 eccl.
2347 1269 2411 1302 Sil·

811 1331 985 1360 vanecten.
1016 1336 1135 1359 canon.
1165 1327 1229 1358 sub
1251 1335 1346 1366 exsp.
1368 1326 1470 1366 praeb.
1489 1342 1527 1347 -
1553 1326 1575 1355 1.
1594 1333 1623 1356 e.
1641 1333 1686 1355 m.
1713 1323 1789 1356 abb.
1814 1325 1962 1355 monast.
1986 1332 2013 1355 s.
2040 1323 2184 1364 Benigni
2206 1323 2247 1355 de
2265 1322 2411 1355 Divione

812 1383 999 1422 Lingonen.
1027 1382 1086 1418 di.,
1101 1383 1134 1413 et
1159 1381 1285 1412 decano
1302 1379 1510 1415 cabilonen„
1530 1387 1568 1409 ac
1594 1377 1720 1409 archid.
1741 1377 1885 1409 AEduen.
1896 1377 1978 1409 eccl.
1998 1377 2051 1415 (A.
2072 1378 2121 1412 10,
2139 1377 2162 1408 f.
2177 1378 2236 1408 327
2252 1381 2283 1414 ·;
2303 1375 2339 1407 V.
2357 1377 2410 1412 68,

812 1445 863 1476 ep.
880 1437 940 1467 499
957 1435 1014 1474 1).)

857 1486 965 1517 7870.
986 1505 1023 1510 -
1040 1486 1123 1518 Ead.
1145 1487 1260 1518 littera
1277 1487 1310 1517 in
1338 1495 1404 1526 qua
1428 1487 1626 1516 executores
1652 1484 1872 1515 nominantur
1888 1483 1965 1515 abb.
1990 1485 2023 1515 et
2039 1484 2186 1515 decanus
2210 1482 2356 1524 praefati,
2372 1491 2411 1514 ac

812 1543 934 1573 Petrus
950 1542 990 1572 de
1008 1541 1155 1580 Piperno
1171 1549 1243 1571 can.
1263 1539 1530 1575 Autisiodoren.,
1550 1538 1722 1569 invenitur
1745 1538 1779 1568 in
1798 1538 1838 1568 A.
1853 1538 1903 1575 10,
1921 1537 1944 1569 f.
1962 1538 2023 1569 264
2039 1542 2068 1575 ·;
2094 1536 2125 1567 V.
2140 1538 2192 1577 68,
2206 1545 2261 1576 ep.
2278 1537 2369 1568 2121.

857 1592 967 1623 7871.
988 1613 1024 1617 -
1040 1593 1179 1631 Nic-olan,
1197 1603 1266 1634 ep.o
1281 1592 1406 1627 Ostien..
1423 1592 1523 1623 facul.
1540 1591 1700 1623 testandi.
1718 1592 1770 1630 (Α.
1789 1593 1821 1628 9,
1839 1591 1862 1622 f.
1880 1591 1937 1622 291
1955 1596 1986 1627 ⁸;
2010 1589 2044 1620 V.
2059 1591 2110 1628 68,
2127 1598 2182 1630 ep.
2201 1590 2306 1629 1368.)

857 1699 967 1730 7872.
987 1719 1026 1723 —
1041 1700 1155 1730 Jacobs»
1171 1699 1207 1730 de
1232 1699 1392 1740 Berkeley‚
1413 1698 1505 1729 theol.
1525 1698 1620 1734 doct„
1645 1698 1709 1728 PP.
1728 1707 1810 1738 cap„
1829 1706 1923 1737 prov.
1949 1706 2067 1728 canon.
2091 1697 2172 1728 eccl.
2196 1696 2412 1729 Lincolnien.

812 1755 876 1785 sub
901 1764 996 1794 exsp.
1023 1754 1139 1793 praeb.‚
1165 1753 1292 1784 consid.
1311 1752 1472 1787 Eduardi‚
1493 1751 1626 1792 Angliae
1650 1751 1749 1791 regis,
1776 1752 1872 1790 cujus
1895 1751 2169 1791 consanguineus
2184 1749 2328 1786 existit;
2345 1757 2412 1782 non

812 1809 897 1840 obst.
917 1808 1006 1847 quod
1030 1808 1063 1837 in
1091 1807 1270 1840 Exonien..
1295 1805 1498 1843 Herforden,
1521 1806 1709 1841 Meneven„
1738 1804 1883 1836 Wellen.
1913 1806 1946 1835 et
1963 1804 2004 1835 (10
2025 1803 2204 1840 Boscham,
2222 1803 2411 1836 Cicestren.

811 1862 870 1898 di.,
891 1861 971 1892 0001.
989 1869 1121 1897 canon,
1148 1863 1180 1891 et
1197 1859 1310 1899 praeb.‚
1327 1861 1360 1890 et
1386 1859 1519 1899 paroch.
1537 1858 1618 1890 0001.
1640 1858 1681 1889 (10
1696 1858 1802 1896 Chiw,
1823 1858 2022 1889 Bathonien.
2046 1857 2106 1892 di.,
2123 1866 2161 1888 ac
2190 1865 2309 1888 canon.
2328 1856 2413 1889 0001.

811 1915 994 1946 Cicestren.
1014 1914 1077 1944 sub
1103 1922 1199 1953 exsp.
1217 1913 1333 1953 praeb„
1354 1913 1458 1952 dign„
1475 1914 1679 1953 personatus
1701 1920 1762 1943 seu
1789 1911 1843 1942 off.
1868 1920 1895 1942 s.
1913 1920 1941 1941 0.
1959 1910 2025 1942 vel.
2042 1919 2070 1941 0.
2088 1919 2131 1948 0.,
2150 1910 2312 1942 obtineat.
2324 1925 2366 1934 --
2381 1909 2412 1942 1.

811 1977 838 1999 e.
858 1977 902 1998 m.
933 1968 1058 1999 decano
1082 1967 1307 2002 Lincolnien.‚
1335 1968 1367 1997 et
1396 1966 1521 2005 Begoni
1547 1966 1588 1997 (10
1616 1965 1835 2001 Cavomonte,
1855 1964 1981 1995 archid.
2010 1964 2234 2000 Londonien„
2260 1972 2299 1994 ac
2319 1971 2408 2003 mag.

810 2021 931 2052 Joanni
950 2021 990 2051 de
1007 2020 1089 2057 Ros,
1105 2029 1177 2050 can.
1194 2020 1343 2051 Wellen.
1362 2019 1456 2057 0001.,
1475 2019 1542 2050 PP.
1560 2027 1632 2059 cap.
1652 2019 1704 2059 (A.
1719 2019 1769 2055 10,
1783 2018 1806 2049 f.
1822 2020 1860 2050 37
1878 2023 1912 2054 ³3
1937 2017 1972 2048 V.
1991 2019 2043 2054 68,
2059 2025 2111 2057 ep.
2130 2016 2235 2056 1662.)

856 2071 964 2103 7873.
981 2093 1015 2097 —
1030 2073 1212 2114 Baymundo
1228 2073 1264 2104 de
1277 2072 1442 2103 Montealto
1459 2077 1530 2103 nato
1543 2082 1574 2103 n.
1585 2082 1613 2103 υ.
1629 2071 1785 2103 Ber-nardi
1796 2072 1831 2102 de
1844 2070 2022 2106 Montealto,
2037 2069 2155 2106 militis,
2169 2070 2258 2102 conf.
2274 2069 2410 2110 paroch.

811 2128 891 2158 eccl.
913 2128 952 2158 de
981 2127 1194 2166 Mayrevilla,
1225 2126 1441 2166 Mirapiscen.
1469 2126 1528 2162 di.,
1560 2127 1611 2163 (55
1628 2125 1688 2156 lib.
1713 2127 1804 2162 tur.)‚
1821 2133 1882 2164 per
1909 2124 2070 2164 resignat.
2100 2123 2244 2155 ,Ioannis
2258 2123 2411 2155 Badzaco

808 2181 906 2220 J'uxta
934 2181 1068 2211 constit.
1087 2188 1189 2219 super
1215 2179 1338 2219 plural.
1366 2179 1476 2210 benef.
1497 2188 1567 2211 vac.
1580 2188 1590 2215 ;
1606 2187 1672 2209 non
1699 2178 1786 2209 obst.
1817 2167 1985 2209 canonset
2003 2176 2104 2217 praeb.
2120 2177 2156 2208 in
2185 2176 2267 2208 0001.
2286 2176 2408 2208 Riven.

812 2243 871 2265 seu
894 2234 1025 2264 defectu
1041 2233 1149 2265 aetatis
1163 2233 1216 2272 (23
1229 2233 1299 2271 an.)
1314 2251 1353 2255 —
1374 2233 1400 2264 I.
1424 2241 1451 2264 e.
1472 2241 1516 2264 m.
1537 2232 1663 2263 archid.
1684 2231 1870 2272 Urgellen.,
1887 2233 1920 2262 et
1939 2230 2110 2262 Bernardo
2126 2230 2167 2262 de
2183 2229 2411 2270 Stareguesio,

812 2296 849 2318 ac
862 2287 993 2319 Oddoni
1012 2287 1052 2317 de
1067 2287 1210 2326 Spaone,
1228 2286 1387 2318 Tolosan.
1406 2295 1478 2317 can.
1496 2286 1576 2317 eccl.
1598 2285 1650 2324 (A.
1667 2286 1716 2322 10,
1734 2285 1757 2316 1“.
1777 2286 1834 2316 164
1851 2290 1884 2320 ³3
1908 2284 1944 2315 V.
1963 2285 2014 2322 68,
2031 2293 2084 2323 ep.
2106 2283 2212 2323 1951.)

857 2337 965 2368 7874.
988 2358 1024 2362 -
1041 2339 1175 2369 Martino
1204 2339 1343 2369 Venturae
1367 2348 1461 2379 prov.
1486 2348 1605 2370 canon.
1625 2339 1706 2370 eccl.
1729 2338 1927 2370 Grossetan.
1948 2337 2012 2368 sub
2035 2346 2129 2377 exsp.
2156 2336 2259 2376 praeb.
2279 2335 2408 2367 consid.

811 2393 985 2424 Francisci
1000 2392 1162 2432 archiepi
1179 2393 1409 2423 Panormitan.
1424 2412 1461 2415 —
1481 2393 1507 2423 Ι.
1527 2402 1555 2424 e.
1575 2401 1620 2423 m.
1636 2391 1711 2422 abb.
1730 2392 1874 2422 monast.
1889 2391 1929 2422 de
1946 2391 2073 2430 Fango,
2087 2399 2125 2421 ac
2139 2389 2284 2430 plebano
2299 2388 2412 2430 plebis

811 2446 853 2477 (10
879 2446 1037 2483 Boriano,
1063 2446 1261 2477 Grossetan.
1277 2446 1337 2480 di.,
1355 2447 1388 2477 et
1404 2446 1505 2477 Petro
1522 2446 1639 2483 Ferro,
1658 2453 1730 2476 can.
1750 2444 1830 2476 eccl.
1848 2444 2103 2476 Autisiodoren.
2122 2443 2174 2483 (A.
2194 2444 2243 2480 10,
2258 2442 2283 2473 f.
2301 2442 2361 2473 218
2374 2441 2389 2463 b
2399 2451 2410 2479 ;

817 2499 852 2530 V.
868 2500 919 2536 68,
942 2508 993 2538 ep.
1018 2500 1124 2538 2016.)

856 2549 967 2581 7875.
987 2570 1021 2574 -
1042 2551 1213 2582 Theobaldo
1244 2551 1387 2582 Furnerii
1412 2552 1448 2582 de
1478 2552 1644 2582 Summum
1669 2560 1764 2592 prov.
1792 2559 1910 2582 canon.
1938 2550 2018 2581 eccl.
2047 2550 2214 2582 senonen.
2232 2548 2296 2580 sub
2311 2556 2410 2588 exsp.

811 2605 915 2646 praeb.
946 2604 1074 2642 liberae,
1094 2605 1232 2645 integrae
1244 2615 1253 2641 ;
1279 2605 1408 2636 consid.
1434 2614 1465 2637 n.
1484 2615 1516 2636 v.
1545 2605 1688 2643 odonis,
1708 2604 1806 2636 ducis
1830 2602 2046 2643 Burgundiae,
2070 2602 2167 2642 cujus
2191 2601 2410 2633 consiliarius

811 2659 929 2691 existit
938 2668 948 2695 3
970 2667 1036 2689 non
1054 2658 1141 2689 obst.
1159 2658 1194 2688 in
1221 2658 1340 2698 colleg.
1355 2659 1435 2690 eccl.
1460 2659 1656 2690 Sedelocen.
1680 2666 1799 2689 canon.
1821 2659 1854 2688 et
1875 2655 1992 2697 praeb.‚
2007 2664 2045 2687 ac
2063 2655 2163 2687 domo
2178 2655 2242 2687 Dei
2258 2655 2299 2686 de
2315 2654 2413 2686 Sum-

811 2720 908 2743 muro
926 2711 1070 2742 AEduen.
1089 2711 1135 2741 di.
1153 2729 1190 2733 —
1215 2711 1240 2741 I.
1259 2720 1286 2742 0.
1306 2720 1351 2742 111.
1371 2720 1398 2742 s.
1417 2712 1564 2751 Sequani
1581 2714 1613 2742 et
1630 2720 1657 2742 s.
1677 2710 1821 2751 Benigni
1841 2710 1881 2742 de
1902 2709 2048 2741 Divione
2064 2710 2208 2740 monast.
2226 2707 2317 2746 abb.,
2333 2707 2412 2739 Lin-

811 2773 932 2806 gonen.
949 2764 1008 2800 di.,
1025 2772 1063 2795 ac
1077 2764 1202 2795 decano
1221 2764 1302 2795 eccl.
1319 2764 1516 2796 Cabilonen.
1534 2765 1586 2803 (A.
1604 2765 1653 2802 10,
1671 2764 1694 2795 f.
1708 2765 1768 2796 243
1783 2763 1817 2800 ¹³3
1843 2762 1876 2794 V.
1889 2763 1942 2800 68,
1961 2771 2013 2803 ep.
2030 2761 2138 2801 2020.)

857 2815 965 2847 7876.
983 2835 1022 2840 -
1039 2817 1080 2847 N.
1093 2827 1132 2848 m.
1148 2817 1325 2857 Marqarz'tae
1336 2818 1494 2848 comitissae
1507 2818 1626 2849 Fuxen.
1643 2818 1807 2858 indulget.
1821 2818 1858 2848 ut
1877 2815 2107 2847 confessorem
2129 2814 2243 2854 eligat,
2261 2813 2320 2854 qui
2335 2821 2411 2845 eam

813 2871 966 2903 absolvat
981 2870 1086 2902 semel
1106 2870 1141 2901 in
1159 2870 1278 2901 mortis
1296 2871 1451 2902 articulo.
1469 2872 1522 2910 (A.
1543 2873 1592 2908 10,
1609 2871 1631 2902 f.
1651 2872 1710 2903 226
1726 2871 1758 2907 ι·;
1781 2870 1816 2902 V.
1835 2870 1889 2907 68,
1907 2878 1961 2909 ep.
1978 2869 2086 2905 2037.)

858 2922 968 2953 7877.
986 2941 1024 2946 —
1040 2923 1208 2963 Archiep.o
1229 2924 1380 2954 Auscican.
1407 2925 1520 2955 mand.
1547 2926 1584 2955 ut
1610 2932 1808 2964 processum
1831 2922 1984 2954 habitum
2001 2921 2036 2952 in
2051 2929 2153 2952 causa
2178 2921 2267 2952 inter
2283 2919 2411 2951 Monal-

814 2978 893 3009 dum
908 2978 948 3009 (10
974 2977 1167 3008 Castrotino
1187 2978 1220 3007 et
1245 2977 1444 3015 Jordanum,
1464 2979 1581 3009 natum
1598 2986 1629 3009 n.
1649 2986 1680 3008 v.
1701 2976 1898 3017 Raymundi
1920 2975 1961 3007 de
1978 2974 2173 3011 Sedalhaco,
2189 2975 2340 3005 vertente
2356 2981 2410 3004 su-
