2592 3562
176 414 276 440 Datum
299 404 483 440 Avenione.

160 524 164 526 >
211 512 251 539 20
268 511 336 539 maii
354 509 442 538 1318.

213 559 281 591 (xm
295 555 354 583 kal.
366 554 443 591 jun.)

172 883 191 910 5
205 883 298 919 (non.)
309 882 377 917 jun.
397 881 485 909 1318.

163 1679 181 1706 9
203 1683 232 1713 (v
257 1678 308 1712 id.)
325 1678 393 1712 jun.
415 1677 501 1705 1318.

223 1945 257 1973 17
278 1945 341 1979 jun.
361 1944 450 1973 1318.

174 2019 178 2022 ,
232 1993 283 2019 (XV
303 1989 361 2017 kal.
379 1989 447 2025 jul.)

299 2211 332 2238 Ut
350 2219 373 2238 s.

301 2531 337 2558 Ut
357 2539 380 2558 ε.

302 2795 339 2823 Ut
356 2803 381 2823 s.

308 2954 343 2982 Ut
362 2963 386 2982 s.

168 1414 187 1442 8
201 1417 243 1449 (VI
262 1413 388 1447 id.)jun.
405 1412 493 1440 1318.

547 317 720 350 JOANNIS
744 316 862 347 PAPAE
884 315 985 346 XXII.
1011 317 1259 354 (1316-1334).
1283 333 1322 339 —
1344 315 1530 346 LITTERAE
1554 316 1605 346 DE
1627 316 1750 348 CURIA
2108 324 2167 356 259

612 503 724 535 820⁰.
741 523 778 528 —
795 504 964 545 Arc-hiep«)
980 503 1133 535 Gneznen.
1154 508 1182 534 et
1197 514 1265 544 ep.o
1284 503 1452 535 Cunavien.
1469 505 1581 536 mand.
1597 514 1658 545 pro
1671 506 1858 543 exactione,
1875 509 2012 540 nomine
2027 518 2167 541 camerae

567 561 689 599 apost„
706 558 859 589 facienda
875 557 1046 588 fructuum
1062 566 1187 588 mensae
1206 557 1356 597 episcop.
1373 558 1570 589 Cracovien.
1589 567 1649 597 per
1665 568 1686 589 x
1704 567 1822 595 annos,
1839 560 1926 591 infra
1942 570 2028 601 quos
2043 562 2168 593 discor-

568 613 623 643 dia
638 611 789 643 vertebat
804 611 892 642 inter
907 611 1074 642 Joannem
1091 619 1205 650 ep.um
1222 610 1417 641 Cracovien.
1437 612 1469 641 et
1489 619 1521 642 n.
1539 620 1571 640 v.
1587 611 1845 649 Wlatislavum‚
1860 614 1979 645 ducem
1996 615 2091 654 regni
2107 624 2167 646 seu

567 666 708 696 ducatus
733 664 896 701 Poloniae,
919 673 938 694 a
961 663 1084 703 quond.
1115 663 1273 695 Gerostio
1297 664 1463 700 Bronisci,
1490 666 1522 695 et
1538 665 1662 703 quond.
1689 665 1830 696 Nicolao
1847 666 1968 698 Varsci
1987 668 2020 698 et
2038 668 2167 699 Joanne

566 718 726 750 Gratonis
742 719 775 749 et
791 725 877 757 mag.
893 716 1086 754 Francisco,
1105 725 1178 747 can.
1194 716 1334 755 majoris
1350 716 1431 748 eccl.
1448 717 1659 755 Cracovien.,
1674 718 1824 749 indebite
1838 718 2073 759 perceptorum
2088 721 2119 751 et
2133 721 2168 752 in

566 780 650 802 usus
663 779 783 803 eorum
799 770 956 810 proprios
974 778 1228 806 conversorum,
1247 778 1323 800 cum
1340 769 1499 801 citatione
1519 771 1690 809 personali
1713 771 1877 803 adversus
1891 773 2028 803 eosdem
2046 781 2120 804 can.
2135 775 2168 804 et

565 824 716 856 haeredes
732 824 898 864 ipsorum.
915 824 970 862 (A.
986 825 1036 859 10,
1054 823 1076 853 f.
1100 823 1159 854 456
1175 828 1207 858 ¹²;
1232 822 1265 852 V.
1289 825 1340 859 67,
1357 832 1410 862 ep.
1429 825 1467 855 74
1484 822 1521 854 de
1540 825 1618 862 cur.)

611 875 722 906 8201.
748 895 785 899 —
806 876 837 906 E
838 887 892 917 p.o
918 876 1098 917 Magonem,
1125 880 1154 906 et
1174 875 1243 906 abb.
1266 881 1394 906 monast.
1412 886 1437 906 s.
1463 877 1546 917 Apri
1562 882 1652 907 extra
1670 886 1773 907 muros
1794 877 1910 908 Tullen.
1935 888 1970 908 ac
1990 878 2110 909 archid.
2133 879 2170 910 de

576 930 689 970 Vosaqo
715 931 748 960 in
771 929 843 960 eccl.
869 929 988 960 Tullen.
1011 930 1124 960 mand.
1143 931 1180 960 ut
1206 929 1310 960 citent
1328 929 1403 961 abb.
1429 931 1461 960 et
1488 930 1637 969 priorem
1662 928 1807 961 monast.
1834 931 1872 962 B.
1895 931 1941 962 M.
1958 931 2002 962 ad
2025 932 2166 970 Nemus,

565 985 864 1015 Praemonstraten.
882 983 967 1018 ord..
985 992 1023 1014 ac
1037 983 1216 1014 Nicolaum
1234 982 1342 1022 ejusd.
1356 982 1432 1013 abb.
1446 983 1628 1020 notarium,
1644 983 1702 1023 qui
1719 983 1874 1021 Blasium
1889 984 1930 1015 de
1944 984 2123 1016 Camerino
2137 987 2169 1017 et

566 1038 784 1069 vincentium
801 1037 841 1068 de
856 1045 883 1067 s.
902 1036 1081 1067 Vincentio
1098 1036 1164 1067 ΡΡ.
1182 1044 1339 1067 cursores
1352 1036 1394 1066 ad
1410 1038 1522 1076 partes
1540 1036 1728 1068 Alamaniae
1744 1046 1804 1076 pro
1823 1038 1857 1068 E.
1872 1038 1914 1069 R.
1931 1038 2078 1078 negotiis
2095 1047 2170 1078 spe·

566 1090 696 1121 cialiter
711 1090 899 1121 destinatos
914 1089 1058 1129 pecunia
1075 1091 1107 1120 et
1123 1089 1221 1129 equis
1235 1089 1476 1128 spoliaverant,
1493 1089 1574 1120 dum
1588 1098 1624 1121 se
1640 1089 1707 1121 PP.
1725 1090 1913 1121 familiares
1927 1091 2151 1123 reclamarent
2157 1101 2167 1128 3

567 1152 692 1183 eosque
715 1146 791 1183 post
819 1152 979 1183 magnum
995 1142 1160 1182 temporis
1178 1142 1339 1182 spatium,
1358 1142 1513 1174 detentos
1534 1143 1681 1182 turpiter
1701 1143 1736 1174 in
1757 1145 1902 1175 monast.
1921 1145 2116 1183 supradicto
2135 1146 2169 1176 et

567 1197 667 1236 quasi
684 1196 772 1228 fame
789 1196 984 1233 morientes,
1002 1205 1090 1236 aqua
1105 1197 1137 1227 et
1152 1204 1237 1235 pane
1260 1195 1446 1235 denegatis,
1469 1196 1509 1227 de
1535 1196 1624 1227 dicto
1642 1199 1787 1228 monast.
1807 1197 1856 1227 sic
1873 1197 2038 1236 spoliatos
2064 1198 2170 1237 ejece-

568 1252 654 1287 rant,
677 1250 819 1281 retentis
843 1258 960 1281 eorum
976 1249 1113 1286 litteris,
1137 1257 1222 1288 quas
1242 1248 1348 1280 falsas
1371 1258 1446 1280 esse
1463 1249 1672 1286 asserebant,
1690 1253 1828 1289 propter
1844 1250 1933 1290 quod
1949 1251 2080 1290 praefati
2096 1260 2168 1282 cur-

569 1312 664 1334 sores
687 1311 804 1334 eorum
824 1303 946 1334 itinere
969 1302 1168 1342 imperfecto
1190 1302 1319 1338 relicto,
1342 1302 1442 1342 quasi
1464 1302 1699 1340 mendicando,
1718 1303 1829 1334 redire
1854 1303 2022 1343 compulsi
2040 1305 2170 1335 suntin

571 1356 636 1387 ΡΡ.
654 1358 686 1387 et
704 1357 744 1387 A.
761 1356 796 1387 S.
812 1355 1032 1396 opprobrium
1050 1364 1087 1386 ac
1103 1355 1275 1395 injuriam.
1291 1355 1346 1396 (A.
1367 1357 1415 1392 10,
1432 1355 1455 1387 f.
1472 1357 1529 1387 451
1546 1361 1575 1393 ³;
1601 1355 1631 1387 V.
1649 1357 1700 1393 67,
1719 1365 1770 1395 ep.
1794 1358 1833 1387 66
1849 1356 1886 1386 de
1900 1357 1982 1396 cur.)

614 1407 725 1438 8202.
743 1428 779 1432 —
795 1410 960 1440 Hortatur
975 1418 1075 1449 reqem
1090 1408 1243 1439 Armem'ae
1254 1410 1291 1440 ut
1307 1409 1447 1440 fratrem
1461 1409 1703 1448 Raymundum
1717 1409 1890 1449 Stephani,
1903 1410 1942 1442 O.
1955 1410 2007 1447 P.‚
2024 1412 2057 1442 et
2070 1419 2167 1450 quos-

570 1463 646 1493 dam
664 1462 750 1494 alios
768 1463 840 1502 ejus
865 1462 976 1493 socios
1000 1462 1143 1502 benigne
1170 1462 1321 1502 recipiat,
1341 1463 1374 1493 et
1392 1462 1442 1493 eis
1466 1464 1556 1493 certa
1578 1462 1652 1493 loca
1676 1462 1711 1493 in
1730 1471 1832 1502 regno
1858 1471 1920 1494 suo
1943 1463 2110 1504 praecipue
2134 1464 2170 1494 in

570 1516 707 1547 civitate
728 1516 858 1547 Aleasii
883 1516 1045 1555 assignet,
1065 1515 1100 1546 in
1120 1515 1244 1555 quibus
1258 1515 1483 1547 confluentem
1500 1515 1634 1555 plebem
1656 1516 1825 1547 instruere
1841 1519 1874 1547 et
1889 1516 1985 1547 latini
2003 1517 2171 1548 sermonis

571 1569 780 1600 abundantes
798 1569 932 1600 valeant
949 1569 1156 1600 ministrare.
1175 1569 1226 1607 (A.
1244 1570 1292 1606 10,
1314 1568 1337 1599 f.
1356 1570 1417 1600 452
1432 1574 1461 1605 η
1484 1568 1518 1598 V.
1533 1571 1583 1604 67,
1602 1578 1654 1608 ep.
1671 1571 1721 1604 67,
1737 1568 1773 1599 de
1794 1579 1857 1599 cur.
1868 1580 1876 1606 ;
1893 1570 2021 1609 Ripoll‚
2038 1580 2086 1610 op.
2105 1571 2170 1607 cit„

571 1625 592 1654 t.
609 1623 653 1658 11,
670 1631 699 1662 p.
723 1624 795 1660 142,
814 1622 996 1662 Raynaldi‚
1015 1621 1152 1652 Annales
1162 1621 1342 1656 ecclesiast„
1358 1624 1383 1653 t.
1401 1623 1443 1658 V,
1463 1623 1551 1660 1318,
1569 1631 1614 1653 xv
1629 1624 1662 1653 et
1676 1624 1761 1661 xvi.)

615 1673 725 1704 8203.
746 1694 783 1698 —
803 1675 915 1706 Mand.
934 1675 1080 1705 universis
1097 1674 1305 1705 collectoribus
1318 1675 1474 1714 fructuum
1491 1675 1590 1715 benef.
1606 1679 1672 1705 vac.
1692 1676 1792 1716 primi
1801 1676 1877 1706 anni
1893 1676 1927 1706 in
1944 1675 2095 1714 Castellae‚
2116 1677 2170 1707 Le—

570 1730 673 1769 gionis
685 1735 713 1759 et
729 1728 930 1768 Porluyalliae
944 1730 1047 1768 reynis
1068 1738 1103 1758 ac
1118 1727 1446 1769 circumadjacentibus
1457 1728 1600 1769 partibus
1613 1739 1671 1769 per
1689 1728 1724 1760 S.
1742 1730 1782 1760 A.
1799 1730 1953 1770 deputatis
1973 1732 2008 1761 ut
2028 1730 2171 1761 formam

572 1783 622 1814 eis
640 1782 809 1819 traditam,
829 1783 862 1813 et
883 1782 1162 1818 moderationem,
1173 1790 1232 1812 seu
1246 1782 1361 1812 verius
1379 1781 1643 1813 declarationem
1658 1783 1873 1822 postmodum
1888 1783 2107 1814 subsecutam
2123 1783 2172 1814 in-

573 1836 781 1867 violabiliter
801 1837 993 1872 observent,
1020 1836 1053 1866 et
1080 1835 1174 1866 illata
1191 1834 1388 1875 gravamina
1414 1835 1486 1865 illis
1515 1835 1639 1875 quibus
1663 1844 1723 1875 pro
1751 1836 1905 1875 ipsorum
1927 1837 2172 1868 sustentatione

573 1889 657 1919 nihil
675 1889 810 1928 penitus
826 1889 1029 1919 dimiserunt
1045 1897 1202 1919 revocare
1219 1889 1410 1927 procurent.
1428 1888 1482 1929 (A.
1501 1890 1550 1925 10,
1568 1889 1590 1919 f.
1608 1890 1668 1920 457
1684 1894 1715 1926 ³3
1739 1888 1773 1919 V.
1790 1891 1840 1926 67,
1861 1898 1913 1928 ep.
1932 1891 1982 1927 75,
1999 1889 2036 1920 de
2053 1890 2133 1929 cur.)

618 1939 727 1971 8204.
744 1961 780 1964 —
796 1942 907 1972 Mand.
925 1951 1004 1982 may.
1023 1941 1149 1981 Huqoni
1171 1940 1208 1971 de
1227 1940 1399 1978 Mirabello,
1418 1951 1487 1972 can.
1515 1941 1722 1979 Etr-edurum„
1741 1942 1782 1974 A.
1802 1942 1837 1973 S.
1854 1943 1978 1980 nuncio,
1996 1945 2032 1974 ut
2049 1943 2122 1975 loca
2140 1945 2172 1975 et

573 1998 717 2026 monast.
745 1995 923 2026 interdicto
951 1994 1140 2034 supposita,
1159 1997 1191 2025 et
1217 2003 1308 2034 pers.
1333 2003 1407 2034 quae
1430 1995 1633 2026 sententiam
1651 2004 1780 2026 excom.
1800 1996 2017 2027 incurrerunt
2036 1998 2173 2036 propter

574 2050 756 2088 denegatas
773 2048 1029 2087 procurationes
1052 2047 1181 2078 ratione
1204 2047 1412 2079 visitationis
1436 2047 1468 2077 b.
1490 2056 1535 2078 m.
1554 2048 1738 2079 Guillelmo
1754 2048 1925 2088 archiep.o
1948 2050 2170 2081 Terraconen.

573 2102 718 2138 debitas,
737 2104 916 2141 postquam
933 2101 1019 2140 ipsis
1034 2101 1074 2131 de
1091 2101 1192 2132 dictis
1216 2100 1514 2141 procurationibus
1536 2101 1672 2132 nomine
1689 2102 1730 2133 R.
1757 2102 1795 2133 E.
1824 2102 1927 2134 fuerit
1948 2103 2172 2139 satisfactum,

574 2156 727 2186 relaxare
743 2157 775 2185 et
793 2154 969 2185 absolvere
985 2155 1152 2194 procuret.
1173 2154 1224 2192 (A.
1246 2155 1296 2194 10,
1312 2154 1335 2184 f.
1353 2155 1412 2186 458
1428 2154 1458 2191 ¹³3
1481 2153 1514 2184 V.
1533 2156 1584 2192 67,
1605 2163 1659 2194 ep.
1677 2157 1715 2186 79
1731 2155 1768 2185 de
1784 2158 1864 2194 cur.)

618 2205 728 2236 8205.
749 2225 784 2230 —
801 2207 884 2247 May.
904 2206 1029 2246 Huqom·
1049 2207 1139 2237 Bovis
1153 2211 1182 2237 et
1205 2207 1274 2237 aliis
1291 2206 1503 2238 collectoribus
1517 2207 1675 2247 fructuum
1692 2208 1791 2248 benef.
1810 2218 1874 2239 vac.
1894 2213 1963 2246 etc.,
1982 2209 2173 2240 declaratur

575 2261 664 2301 quod
677 2261 799 2298 benef„
817 2269 960 2300 quorum
978 2269 1043 2291 non
1061 2261 1227 2300 reperitur
1239 2261 1380 2298 taxatio,
1395 2260 1522 2291 includi
1540 2260 1662 2292 debent
1680 2261 1712 2292 in
1730 2262 1948 2301 deputatione
1964 2262 2174 2293 collectionis

576 2315 746 2346 fructuum
771 2314 870 2353 primi
897 2314 976 2344 anni
1002 2313 1239 2353 deputatorum
1263 2322 1324 2353 pro
1346 2314 1384 2344 Ε.
1411 2314 1452 2345 R.
1474 2314 1736 2345 necessitatibus
1763 2315 1956 2346 relevandis
1988 2315 2022 2345 in
2044 2315 2172 2351 pisan„

576 2368 755 2403 Arboren.,
772 2367 955 2398 Calaritan.
979 2368 1011 2398 et
1027 2366 1200 2398 Turritan.
1224 2367 1411 2406 provinciis
1426 2368 1459 2398 et
1477 2367 1578 2398 certis
1595 2367 1749 2407 partibus
1765 2368 1909 2406 Tusciae,
1926 2368 2109 2399 dummodo
2126 2368 2174 2407 ip-

577 2430 692 2453 sorum
703 2421 832 2452 fructus
845 2428 1014 2450 summam
1030 2421 1206 2459 exceptam
1223 2420 1258 2450 in
1273 2419 1400 2451 litteris
1412 2420 1607 2460 huiusmodi
1617 2421 1847 2461 deputationis
1860 2422 2035 2452 excedant.
2053 2421 2105 2460 (A.
2124 2423 2171 2455 10,

578 2476 599 2506 s.
613 2476 673 2506 459
690 2479 718 2511 ⁸3
745 2474 780 2504 V.
797 2475 848 2508 67,
866 2482 917 2513 ep.
934 2474 974 2504 80
989 2473 1026 2503 de
1038 2473 1119 2512 cur.)

621 2524 732 2556 8206.
748 2543 785 2548 -
806 2526 960 2557 Universis
977 2525 1144 2566 archiepis
1163 2530 1191 2556 et
1208 2526 1285 2566 epa‘s
1307 2536 1366 2567 per
1391 2536 1517 2567 reqnum
1536 2526 1704 2567 Hunqariae
1725 2528 1898 2558 constitutis
1915 2531 1944 2557 et
1960 2537 2040 2567 may.
2060 2527 2172 2567 Rufino

577 2581 613 2612 de
631 2580 753 2611 Civim‘o
769 2580 870 2611 facul.
887 2579 1026 2611 taxandi
1046 2587 1215 2619 expensas
1240 2579 1434 2611 moderatas
1458 2580 1688 2620 subdelegatis
1712 2580 1753 2611 ab
1776 2581 1861 2620 ipsis
1889 2589 1950 2620 pro
1973 2580 2172 2620 colligendis

578 2634 745 2665 fructibus
762 2632 864 2673 primi
890 2632 969 2663 anni
991 2631 1102 2664 benef.
1121 2632 1308 2664 ecclesiast.
1327 2633 1423 2672 regni
1437 2633 1620 2673 Hungariae
1635 2633 1873 2672 deputatorum
1893 2641 2001 2672 usque
2017 2633 2059 2664 ad
2074 2633 2175 2664 trien-

579 2688 673 2719 nium
688 2695 749 2727 pro
763 2687 801 2718 E.
818 2687 858 2717 R.
880 2685 1142 2717 necessitatibus
1162 2686 1365 2717 relevandis.
1385 2686 1439 2725 (A.
1457 2687 1505 2724 10,
1526 2686 1618 2718 f.459
1634 2692 1648 2707 ²
1658 2695 1667 2722 ;
1691 2686 1788 2724 V.6'1,
1806 2695 1858 2726 ep.
1876 2686 1912 2717 81
1929 2685 1965 2716 de
1978 2690 2042 2717 cur.
2058 2685 2174 2722 ;Thei-

580 2749 652 2775 ner,
669 2739 863 2770 monumenta
882 2737 1060 2779 Hunqariae,
1077 2739 1104 2775 Ι,
1122 2747 1155 2778 p.
1172 2738 1259 2778 461.)

625 2791 736 2822 8207.
758 2811 796 2816 —
813 2792 925 2824 Mand.
954 2802 1034 2832 may.
1051 2791 1165 2833 Rufino
1180 2792 1216 2823 de
1248 2791 1369 2824 Civim'o
1401 2795 1437 2824 ut
1466 2801 1584 2823 omnes
1614 2800 1778 2831 personas
1808 2791 2055 2823 ecclesiasticas
2078 2792 2174 2832 regni

580 2846 764 2886 Hungariae
778 2846 820 2877 ad
842 2844 1062 2876 revelandum
1084 2845 1235 2877 valorem
1249 2844 1360 2877 benef.
1379 2845 1571 2885 compellat.
1589 2844 1641 2883 (Α.
1659 2845 1708 2879 10,
1724 2844 1746 2875 f.
1759 2846 1820 2876 459
1835 2844 1849 2865 ¹>
1858 2855 1868 2882 ;
1887 2844 1922 2876 V.
1945 2845 1997 2882 67,
2013 2853 2066 2885 ep.
2084 2846 2124 2876 82
2139 2844 2176 2876 de

582 2909 667 2935 cur.;
685 2899 842 2934 Theium,
859 2908 908 2938 op.
922 2898 989 2936 cit„
1006 2907 1039 2938 p.
1052 2898 1140 2938 462.)

626 2950 737 2982 8208.
755 2970 794 2975 —
815 2950 889 2982 Eid.
911 2951 1034 2982 nuncio
1061 2951 1253 2983 declaratur
1279 2951 1370 2991 quod
1398 2951 1528 2982 fructus
1543 2950 1668 2987 benef„
1689 2959 1834 2990 quorum
1862 2950 1991 2981 taxatio
2022 2950 2058 2982 in
2074 2960 2176 2992 regno

582 3006 765 3046 Hungariae
782 3013 996 3045 nequaquam
1019 3004 1189 3044 reperitur
1206 3006 1239 3036 et
1255 3012 1330 3045 quae
1347 3004 1514 3036 decimam
1528 3003 1660 3035 solvere
1678 3005 1934 3041 consueverunt,
1953 3012 2029 3035 cum
2047 3004 2108 3036 illa
2123 3013 2177 3036 va-
