2592 3562
384 308 444 339 310

419 400 526 427 Datum
539 393 720 428 Avem'one.

453 608 492 637 30
514 616 577 636 nov.
602 605 690 635 4318.

469 654 503 690 (n
522 652 580 680 kal.
599 653 676 686 dec.)

516 699 547 726 Τ.
566 698 625 725 ΧΧ.

532 877 567 904 Ut
585 884 608 903 s.

506 922 536 948 T.
558 921 628 948 XVI.

418 986 432 1011 1
453 983 536 1019 (kal.)
554 982 612 1009 dec.
636 980 724 1008 4348.

497 1028 527 1054 T.
548 1026 645 1054 XVIII.

526 1356 563 1384 Ut
583 1365 606 1384 s.

490 1402 521 1430 T.
541 1402 635 1429 xxv».

529 1571 564 1598 Ut
579 1579 602 1597 s.

492 1616 524 1643 T.
545 1616 639 1644 xxiv,

791 306 966 339 JOANNIS
989 307 1107 339 PAPAE
1128 308 1230 340 XXII.
1255 308 1502 350 (flue-1384).
1526 327 1565 333 —
1586 308 1773 341 LITTERAE
1795 307 2021 341 COMMUNES

814 498 907 531 licite
930 499 1075 532 retinere
1091 499 1202 531 valeat
1209 508 1219 536 ;
1237 499 1367 531 consid.
1384 499 1536 541 Philippi
1557 500 1648 542 regis
1663 500 1825 532 Franciae.
1844 501 1895 540 (A.
1917 502 1967 539 n,
1984 501 2006 532 f.
2025 502 2085 534 358
2101 501 2132 539 ¹²5
2156 502 2193 533 V.
2213 504 2265 539 69,
2279 510 2334 544 ep.
2352 504 2413 535 ⁴47

815 554 847 584 et
868 553 955 592 825.)

858 605 870 617 ·
887 603 997 636 8717.
1016 624 1054 630 -
1071 606 1158 647 Epo
1176 605 1336 637 Belvacen.
1360 607 1472 638 mand.
1489 615 1551 647 pro
1568 606 1824 638 confirmatione
1841 606 2049 639 venditionis
2066 607 2292 648 quorumdam
2313 607 2412 641 villa·

814 667 890 690 rum
907 661 940 691 et
955 659 1213 699 possessionum
1226 668 1287 699 per
1302 659 1378 691 abb.
1397 661 1430 691 et
1442 668 1536 692 conv,
1558 660 1703 691 monast.
1722 668 1751 690 s.
1770 659 1864 691 Petri
1880 658 2082 700 corbeyen„
2100 660 2140 692 O.
2158 660 2193 692 S.
2209 661 2261 698 Β.,
2275 660 2415 693 Ambia-

814 721 890 744 nen.
908 712 967 749 di.‚
984 712 1080 744 factoe
1098 712 1211 744 favore
1230 712 1306 744 abb.
1324 714 1357 744 et
1372 721 1467 744 conv.
1487 714 1632 744 monast.
1653 720 1682 743 s.
1698 711 1855 749 Quintini
1871 711 2064 750 Belvacen.,
2080 712 2119 745 Ο.
2135 712 2170 745 S.
2189 713 2245 751 A„
2262 722 2324 754 pro
2336 722 2414 755 pre-

813 766 861 797 tio
879 767 953 797 octo
971 765 1120 797 millium
1140 764 1199 796 lib.
1223 774 1462 797 conversarum
1485 765 1521 796 in
1543 764 1714 805 emptione
1731 774 1748 796 α
1773 765 1975 796 communite
1997 773 2015 796 n
2035 765 2117 797 dicti
2133 765 2199 798 loci
2221 765 2410 808 Corbeyen.

814 818 867 859 (A.
883 821 932 854 11,
945 819 968 850 f.
986 820 1045 851 166
1062 824 1093 856 ⁸3
1113 818 1148 851 V.
1169 821 1220 856 69,
1235 827 1288 859 ep.
1303 820 1387 857 ΞΜ.)

858 869 969 901 8718.
987 889 1026 895 —
1043 872 1143 903 Cone.
1159 871 1399 903 tabellionatus
1414 872 1469 903 off.
1485 870 1646 902 Guillelmo
1662 870 1699 901 de
1712 869 1853 907 Fulcosa,
1866 870 1938 902 cler.
1955 870 2118 904 caturcen.
2135 870 2192 911 di„
2209 872 2242 903 in
2256 872 2413 904 subdiaco-

813 929 903 955 natus
918 924 985 956 ord.
1001 925 1178 955 constituto.
1195 925 1247 966 (A.
1268 927 1316 960 11,
1334 925 1356 956 f.
1376 926 1434 956 120
1449 930 1477 961 ‘¹;
1501 924 1536 956 V.
1552 926 1603 959 69,
1621 932 1674 963 ep.
1690 924 1777 962 261.)

858 975 969 1007 8719.
996 996 1035 1001 -
1053 977 1156 1019 Praep.
1184 977 1256 1010 eccl.
1281 977 1477 1018 Maqalonen.
1506 977 1699 1017 prorogatio
1715 977 1856 1008 termini
1881 977 2065 1009 solutionis
2081 979 2120 1010 34
2143 978 2269 1011 march.
2289 978 2376 1018 auri,
2394 981 2435 1012 0³

814 1031 1071 1063 Massamutinis
1087 1040 1149 1071 pro
1163 1031 1314 1072 qualibet
1329 1031 1464 1062 marcha
1482 1030 1731 1070 computandis,
1750 1029 1943 1062 debitarum
1964 1039 2106 1063 camerae
2130 1033 2240 1072 apost.
2259 1040 2321 1073 per
2334 1041 2412 1065 con·

815 1084 908 1116 sules
932 1086 965 1116 et
981 1085 1145 1125 populum
1169 1084 1261 1116 villae
1282 1083 1597 1124 Montispessulani‚
1625 1083 1836 1123 Magalonen.
1859 1083 1922 1122 di„
1944 1092 2006 1124 pro
2028 1083 2197 1116 fructibus
2221 1085 2376 1118 decursis
2392 1095 2414 1119 a

813 1147 884 1169 xvu
899 1138 998 1170 annis
1012 1138 1188 1178 pensionis
1202 1146 1319 1169 annuae
1331 1148 1354 1168 ιι
1364 1137 1577 1169 marcharum
1587 1136 1663 1167 auri
1674 1137 1716 1168 ad
1728 1145 1823 1177 perp.
1838 1137 2030 1169 devotionis
2042 1137 2207 1170 indicium
2221 1138 2410 1178 solvendae;

814 1191 903 1223 dicto
915 1193 1026 1223 autem
1040 1199 1143 1231 praep.
1161 1191 1274 1222 mand.
1286 1193 1323 1222 ut
1338 1190 1379 1221 ab
1391 1190 1476 1222 eisd.
1492 1189 1691 1221 consulibus
1707 1191 1741 1221 et
1754 1190 1892 1230 populo,
1905 1189 2111 1231 obligatione
2124 1194 2270 1232 recepta,
2285 1191 2412 1225 dictam

815 1253 983 1276 summam
1007 1244 1098 1275 infra
1113 1245 1225 1276 eumd.
1245 1244 1429 1282 terminum
1456 1243 1557 1274 faciat
1583 1243 1714 1283 integre
1742 1243 1948 1283 persolvere.
1965 1244 2019 1284 (Α.
2047 1245 2096 1282 11,
2123 1244 2149 1275 f.
2174 1246 2280 1282 1185
2306 1244 2340 1276 V.
2358 1246 2411 1283 89,

813 1307 865 1338 ep.
884 1298 970 1338 23¹.)

858 1349 969 1380 8720.
990 1368 1029 1374 —
1045 1351 1227 1383 Concessio
1251 1352 1288 1381 ut
1305 1358 1521 1381 successores
1539 1348 1696 1380 Guillelmi
1717 1349 1786 1380 abb.
1810 1354 1942 1381 monast.
1963 1350 2231 1387 Grandimonlen„
2249 1350 2292 1382 ad
2301 1350 2342 1384 R.
2364 1351 2410 1383 Ε.

812 1404 896 1436 nullo
919 1404 1016 1436 medio
1030 1405 1158 1446 pertin„
1182 1404 1369 1434 Lemovicen.
1387 1402 1444 1439 di.,
1468 1403 1559 1443 quod
1575 1404 1676 1443 caput
1693 1403 1765 1434 ord.
1786 1403 2064 1436 Grandimonten.
2085 1413 2162 1436 esse
2187 1404 2410 1446 dignoscitur.

812 1459 946 1499 possint
969 1468 988 1489 a
1010 1458 1131 1498 quovis
1154 1457 1305 1489 antistite
1323 1456 1571 1488 benedictionis
1593 1465 1717 1487 munus
1734 1456 1897 1497 recipere,
1912 1457 1951 1489 E.
1968 1457 2010 1489 R.
2027 1457 2220 1497 juramento
2235 1457 2412 1491 fidelitatis
2428 1461 2431 1463 ’

812 1512 964 1552 praestito
980 1513 1013 1543 et
1030 1511 1084 1542 hic
1100 1511 1240 1542 inserto.
1257 1510 1310 1550 (A.
1330 1512 1379 1546 Μ,
1397 1509 1420 1540 f.
1434 1511 1492 1540 217
1508 1509 1538 1547 b;
1558 1510 1594 1540 V.
1609 1511 1661 1547 69,
1679 1518 1731 1549 ep.
1750 1510 1838 1550 250.)

857 1566 867 1577 “
885 1562 995 1594 8721.
1014 1581 1053 1588 -
1071 1564 1193 1595 Decano
1217 1563 1288 1594 eccl.
1308 1568 1337 1593 et
1352 1563 1452 1603 priori
1470 1563 1507 1593 P.
1525 1572 1562 1593 ac·
1580 1562 1754 1604 quardz'ano
1767 1563 1812 1594 M.
1827 1562 1866 1594 F.
1885 1562 1919 1594 0.
1936 1562 2089 1594 Senonen.
2106 1564 2219 1595 mand.
2249 1565 2287 1596 ut
2313 1564 2412 1596 taxa-

812 1619 921 1650 tiones
950 1618 1197 1657 stipendiorum
1222 1616 1386 1648 fratribus
1411 1616 1536 1657 quond.
1566 1616 1639 1648 ord.
1663 1616 1799 1657 Templi
1822 1616 1922 1656 ,iuxta
1950 1617 2200 1649 ordinationem
2221 1617 2410 1650 Clementis

811 1672 877 1704 PP.
898 1673 928 1704 V
947 1672 1209 1711 assignatorum,
1235 1670 1342 1701 factas
1360 1670 1402 1701 ab
1424 1669 1606 1710 archiepis
1622 1671 1656 1701 et
1671 1670 1750 1701 aliis
1767 1669 1917 1710 praelatis
1935 1670 1977 1701 ad
1994 1679 2080 1710 quos
2101 1670 2256 1702 executio
2272 1670 2410 1703 ordina-

810 1726 915 1757 tionis
939 1725 1140 1765 pertinebat,
1161 1724 1227 1755 sibi
1256 1723 1382 1755 faciant
1404 1723 1569 1759 exhiberi,
1594 1723 1740 1763 illasque
1755 1723 1924 1764 inspicere
1946 1725 1979 1755 et
1995 1723 2167 1755 moderari
2183 1723 2355 1756 studeant.
2368 1728 2410 1748 -ὲ

811 1780 837 1810 Ι.
854 1788 882 1810 e.
903 1788 947 1810 m.
966 1778 1102 1809 scolast.
1121 1778 1216 1815 eccl.,
1234 1778 1266 1808 et
1282 1777 1390 1817 priori
1404 1776 1508 1817 praed.
1529 1785 1567 1808 ac
1581 1776 1766 1816 guardiano
1782 1777 1866 1808 min.
1884 1776 1926 1808 fr.
1946 1777 2016 1808 ord.
2029 1777 2216 1809 Tornacen.
2232 1777 2310 1810 -Ι,
2320 1785 2350 1810 e.
2360 1785 2407 1810 m.

812 1833 937 1863 decano
955 1832 1047 1866 eccl.,
1072 1840 1109 1862 ac
1122 1831 1229 1871 priori
1243 1830 1348 1870 praed.
1368 1839 1406 1861 ac
1421 1830 1607 1870 guardiano
1623 1830 1706 1861 min.
1726 1830 1768 1862 fr.
1791 1830 1863 1862 ord.
1881 1830 2052 1862 Turonen.
2071 1848 2110 1853 -
2124 1830 2150 1861 Ι.
2170 1838 2199 1862 e.
2214 1839 2261 1862 m.
2279 1830 2407 1863 archid.

811 1886 955 1917 minoris
970 1885 1078 1917 Caleti
1101 1885 1136 1915 in
1153 1884 1232 1916 eccl.
1250 1884 1511 1924 Rothomagen.‚
1529 1886 1562 1915 et
1585 1884 1692 1924 priori
1706 1883 1809 1923 praed.
1828 1892 1866 1914 ac
1883 1883 2070 1924 guardiano
2085 1884 2168 1916 min.
2187 1883 2230 1916 fr.
2249 1884 2322 1916 ord.
2338 1885 2409 1917 Ro-

810 1940 1000 1980 thomagen.
1017 1956 1056 1962 —
1072 1938 1096 1969 I.
1115 1947 1145 1970 e.
1160 1947 1207 1969 m.
1224 1938 1349 1969 decano
1374 1938 1469 1975 eccl.,
1487 1946 1525 1969 ac
1547 1937 1655 1977 priori
1677 1937 1780 1977 praed.
1798 1940 1830 1969 et
1851 1937 2037 1977 guardiano
2050 1934 2136 1969 inin.
2159 1937 2205 1968 t'r.¹
2224 1937 2297 1969 ord.
2314 1937 2411 1970 Pari·

811 1993 895 2024 sien.
915 2010 954 2015 —
969 1993 995 2023 Ι.
1014 2001 1042 2023 e.
1059 2001 1104 2022 m.
1121 1992 1246 2023 decano
1273 1991 1352 2022 eccl.
1372 1992 1405 2022 et
1430 1990 1538 2030 priori
1555 1990 1659 2030 praed.
1679 1999 1717 2021 ac
1742 1990 1928 2030 guardiano
1951 1990 2034 2022 min.
2056 1990 2099 2022 fr.
2116 1990 2188 2022 ord.
2204 1989 2347 2023 Romen.
2368 2009 2409 2015 —

810 2047 837 2078 Ι.
857 2055 884 2077 e.
903 2055 947 2077 m.
967 2046 1092 2077 decano
1110 2045 1204 2080 eccl.,
1222 2054 1259 2076 ac
1277 2045 1384 2084 priori
1403 2044 1506 2084 praed.
1524 2053 1564 2075 ac
1575 2043 1762 2084 guardiano
1773 2044 1857 2075 min.
1872 2044 1913 2074 fr.
1931 2043 2003 2075 ord.
2023 2043 2200 2075 Caminen.
2213 2061 2252 2068 -
2266 2043 2294 2076 1.
2311 2052 2341 2076 e.
2359 2052 2409 2076 m.

810 2099 936 2131 archid.
955 2100 1116 2130 Toarcen.
1135 2099 1169 2129 in
1188 2098 1267 2130 eccl.
1291 2097 1477 2133 Pictaven.‚
1494 2099 1526 2129 et
1543 2097 1651 2137 prlori
1664 2097 1768 2137 praed.
1784 2105 1822 2128 ac
1841 2097 2027 2137 guardiano
2043 2097 2126 2133 min.
2141 2096 2184 2128 fr.
2205 2096 2277 2129 ord.
2299 2096 2410 2130 Pieta-

810 2162 886 2184 ven.
902 2169 939 2175 ——
954 2153 980 2184 Ι.
1001 2162 1030 2183 e.
1047 2161 1093 2183 m.
1107 2152 1232 2183 decano
1251 2152 1331 2182 eccl.
1349 2153 1381 2183 et
1403 2151 1510 2191 priori
1528 2151 1631 2190 praed.
1651 2159 1689 2182 ac
1711 2151 1897 2190 guardiano
1913 2150 2084 2182 minorum
2102 2150 2144 2181 fr.
2157 2150 2236 2182 ord.
2252 2150 2411 2191 Andaga-

810 2215 885 2238 ven.
902 2223 940 2229 —
955 2206 983 2237 Ι.
1000 2215 1028 2237 e.
1045 2215 1090 2236 m.
1108 2206 1233 2236 decano
1260 2205 1354 2240 eccl.,
1379 2206 1411 2235 et
1440 2205 1546 2244 priori
1568 2204 1672 2244 praed.
1692 2213 1730 2235 ac
1748 2203 1934 2243 guardiano
1955 2204 2039 2234 min.
2057 2204 2099 2234 fr.
2115 2204 2187 2235 ord.
2210 2202 2409 2244 magdebur-

810 2268 883 2300 gen.
901 2260 975 2290 -Ι,
995 2268 1023 2290 e.
1041 2268 1086 2290 m.
1106 2259 1231 2290 decano
1241 2258 1335 2294 eccl.,
1353 2259 1384 2289 et
1398 2257 1506 2298 priori
1521 2257 1676 2297 praedae
1691 2257 1877 2297 guardiano
1893 2257 2064 2288 minorum
2079 2256 2121 2288 fr.
2139 2256 2212 2288 ord.
2231 2256 2406 2289 colonien.

808 2331 847 2336 —
865 2313 892 2344 I.
912 2322 940 2344 e.
960 2322 1003 2343 m.
1032 2312 1222 2343 subdecano
1239 2312 1334 2349 eccl.,
1354 2320 1392 2342 ac
1419 2311 1527 2351 priori
1544 2311 1648 2350 praed.
1672 2319 1710 2342 ac
1733 2310 1918 2350 guardiano
1937 2310 2019 2341 min.
2037 2310 2079 2341 fr.
2100 2310 2172 2342 ord.
2191 2309 2353 2342 Leodien.
2368 2327 2410 2334 ·—-

810 2367 835 2397 I.
853 2375 882 2397 e.
899 2375 944 2397 m.
962 2366 1099 2401 decano,
1126 2367 1158 2396 et
1183 2365 1290 2405 priori
1317 2365 1419 2404 praed.
1438 2373 1474 2395 ac
1497 2364 1683 2404 guardiano
1699 2364 1782 2395 min.
1809 2363 1851 2394 fr.
1877 2363 1948 2394 ord.
1970 2363 2189 2395 Aurelianen.
2213 2381 2252 2387 -
2266 2363 2295 2395 Ι.
2312 2371 2342 2396 e.
2357 2372 2406 2395 m.

810 2419 950 2456 archid,
965 2421 998 2450 et
1013 2419 1212 2450 cancellario
1221 2419 1301 2450 eccl.
1320 2427 1358 2449 ac
1374 2418 1482 2457 priori
1499 2417 1540 2448 fr.
1561 2417 1632 2448 ord.
1646 2417 1749 2457 praed.
1765 2417 1951 2457 Lingonen.
1970 2434 2009 2439 —
2022 2417 2049 2448 Ι.
2067 2425 2097 2448 e.
2111 2425 2157 2448 m.
2173 2417 2300 2448 decano
2311 2417 2408 2455 eccl.,

810 2482 847 2504 ac
863 2473 969 2512 priori
986 2472 1088 2511 praed.
1106 2473 1138 2503 et
1154 2472 1338 2511 guardiano
1354 2472 1438 2502 min.
1460 2470 1502 2502 fr.
1515 2471 1586 2502 ord.
1597 2470 1785 2510 Maguntin.
1797 2488 1835 2493 —
1850 2470 1876 2501 Ι.
1895 2478 1924 2501 e.
1943 2478 1988 2501 m.
2007 2469 2133 2501 decano
2149 2469 2244 2507 eccl.,
2259 2469 2408 2510 etpriori

808 2526 912 2567 praed.
931 2535 967 2557 ac
984 2526 1169 2565 guardiano
1186 2525 1267 2556 min.
1284 2525 1326 2556 fr.
1343 2525 1415 2556 ord.
1432 2525 1595 2556 viennen.
1611 2524 1689 2555 ——L
1709 2533 1738 2555 e.
1753 2533 1799 2555 m.
1817 2524 1942 2555 decano
1958 2523 2054 2561 eccl.,
2072 2525 2105 2554 et
2121 2522 2229 2562 priori
2246 2523 2350 2563 praed.
2368 2531 2408 2555 ac

809 2580 994 2620 guardiano
1016 2579 1099 2610 min.
1117 2579 1158 2609 fr.
1175 2579 1245 2609 ord.
1269 2578 1482 2609 Lemovicen.
1500 2595 1538 2600 --
1553 2578 1581 2608 Ι.
1601 2587 1630 2609 e.
1650 2586 1696 2608 m.
1713 2578 1839 2608 decano
1856 2577 1951 2614 eccl.,
1965 2576 1998 2608 et
2010 2576 2117 2616 priori
2134 2576 2238 2616 praed.
2256 2585 2295 2607 ac
2308 2584 2408 2617 guar-

809 2634 908 2665 diano
923 2633 1005 2664 min.
1024 2632 1064 2663 fr.
1083 2632 1154 2662 ord.
1172 2632 1341 2663 Bisuntin.
1361 2650 1400 2654 -
1417 2632 1443 2662 I.
1462 2640 1492 2662 e.
1511 2640 1555 2662 m.
1579 2631 1706 2662 archid.
1729 2630 1824 2665 eccl.,
1850 2631 1884 2661 et
1911 2629 2018 2669 priori
2042 2629 2146 2669 praed.
2166 2638 2204 2661 ac
2219 2628 2406 2670 guar-diano

808 2687 890 2718 min.
906 2687 946 2718 fr.
965 2686 1036 2717 ord.
1054 2686 1186 2725 Aquen.
1201 2704 1237 2708 --
1254 2685 1279 2716 Ι.
1298 2694 1326 2716 e.
1345 2694 1390 2715 m.
1409 2684 1484 2716 abb.
1502 2684 1597 2722 eccl.,
1621 2685 1654 2715 et
1669 2683 1776 2724 priori
1796 2683 1899 2723 praed.
1915 2691 1954 2714 ac
1968 2683 2156 2722 guardiano
2178 2682 2262 2714 min.
2277 2682 2320 2714 fr.
2331 2682 2408 2715 ord.

809 2740 1058 2772 Claromonten.
1075 2757 1111 2761 —
1131 2739 1158 2769 Ι.
1176 2747 1206 2769 e.
1224 2747 1268 2769 m.
1288 2739 1414 2769 decano
1431 2738 1525 2775 eccl.,
1541 2747 1578 2769 ac
1593 2737 1699 2777 priori
1713 2737 1816 2777 praed.
1831 2738 1864 2768 et
1878 2736 2064 2777 guardiano
2082 2736 2165 2767 min.
2180 2735 2223 2766 fr.
2235 2735 2308 2767 ord.
2320 2735 2406 2776 Lug·
2459 2774 2464 2778 Ι

808 2795 932 2825 dunen.
952 2811 990 2815 —
1008 2793 1033 2823 Ι.
1056 2801 1084 2823 e.
1107 2801 1152 2822 m.
1174 2800 1290 2831 praep„
1311 2793 1344 2822 et
1370 2792 1475 2831 priori
1502 2792 1606 2831 praed.
1633 2799 1671 2822 ac
1690 2790 1875 2830 guardiano
1894 2790 1975 2820 min.
2005 2789 2046 2820 fr.
2072 2789 2143 2820 ord.
2173 2789 2344 2821 Arelaten.
2368 2806 2408 2812 —
2432 2806 2443 2814 ·

808 2848 835 2878 Ι.
851 2856 880 2879 e.
897 2856 941 2878 111.
956 2846 1080 2878 decano
1096 2845 1190 2879 eccl.,
1209 2846 1242 2875 et
1257 2845 1363 2884 priori
1378 2845 1481 2884 praed.
1502 2853 1539 2875 ac
1555 2844 1740 2884 guardiano
1757 2843 1839 2874 min.
1859 2843 1900 2874 fr.
1916 2842 1988 2874 ord.
2009 2842 2194 2874 Eboracen.
2213 2859 2252 2864 ——
2266 2841 2293 2873 Ι.
2311 2850 2340 2874 e.
2358 2850 2404 2873 m.

809 2901 934 2932 archid.
953 2899 1047 2937 eccl.,
1065 2900 1097 2930 et
1115 2898 1221 2939 priori
1237 2898 1339 2937 praed.
1359 2907 1396 2928 ac
1413 2898 1599 2937 guardiano
1615 2897 1696 2928 min.
1716 2897 1757 2927 fr.
1777 2896 1848 2928 ord.
1863 2895 2054 2928 Ruthenen.
2071 2913 2110 2918 —
2122 2895 2148 2926 I.
2167 2904 2197 2927 e.
2211 2904 2258 2926 m.
2276 2894 2403 2926 archid.
2470 2928 2479 2937 ,

809 2955 902 2989 eccl.,
922 2956 954 2985 et
972 2952 1078 2993 priori
1093 2951 1194 2992 praed.
1213 2960 1249 2982 ac
1267 2951 1452 2990 guardiano
1468 2951 1550 2982 min.
1567 2951 1609 2982 fr.
1624 2951 1695 2981 ord.
1712 2951 1928 2982 Biterren.—
1944 2949 1970 2980 Ι.
1987 2957 2017 2980 e.
2032 2957 2077 2980 m.
2097 2948 2300 2980 cancellario
2309 2947 2408 2986 eccl.,

808 3009 840 3040 et
854 3007 959 3048 priori
976 3006 1079 3047 praed.
1100 3014 1136 3036 ac
1158 3005 1343 3045 guardiano
1359 3004 1441 3035 min.
1462 3004 1503 3036 fr.
1523 3004 1595 3035 ord.
1612 3003 1820 3035 Londonien.
1837 3021 1868 3026 —
1893 3002 1920 3034 I.
1938 3010 1969 3034 e.
1986 3010 2032 3033 m.
2049 3001 2244 3042 primicerio
2261 3001 2356 3039 eccl.,
2371 3003 2405 3033 et
