2592 3562
327 304 388 334 282

359 396 465 424 Datum
488 389 671 426 Avenione.

395 498 433 526 21
454 501 525 533 sept.
542 496 629 525 1318.

409 545 451 578 (xi
470 542 529 569 kul.
550 540 621 578 oct.)

433 586 464 614 Τ.
480 587 513 621 X,
530 585 590 613 XII.
602 617 608 622 Ι

472 711 509 739 Ut
527 720 551 739 s.

415 756 446 784 T.
467 757 513 790 XI,
533 755 605 783 XIII.

476 925 512 952 Ut
525 933 548 952 s,

437 970 468 997 T.
484 969 518 1002 X,
532 968 591 995 XII.

474 1136 511 1163 Ut
526 1143 550 1163 s,

419 1182 448 1209 T.
466 1181 512 1214 XI,
526 1180 597 1207 XIII.

471 1562 508 1590 Ut
524 1571 547 1590 s.

419 1608 449 1634 T.
464 1607 510 1641 XI,
529 1607 602 1634 XIII.

468 1776 505 1808 Ut
526 1784 549 1803 s.

431 1821 461 1847 T.
479 1821 512 1855 x,
529 1821 586 1847 xu.

394 2150 435 2177 22
448 2153 517 2185 sept.
538 2149 625 2178 1318.

416 2199 445 2230 (x
460 2195 517 2221 kal.
533 2195 603 2228 oct.)

454 2240 484 2266 T.
507 2240 565 2266 XII.

471 2472 507 2499 Ut
525 2480 548 2499 s.

421 2516 452 2543 Τ.
468 2516 515 2550 xl,
530 2516 601 2543 xlu.

475 2739 511 2766 Ut
528 2747 551 2768 S.

419 2783 449 2810 T.
467 2784 512 2816 xl,
531 2784 601 2811 XIII.

726 301 900 333 JOANNIS
918 299 1036 333 PAPAE
1058 301 1163 334 xxu.
1189 301 1438 342 (1816-1334).
1462 317 1502 324 —
1522 300 1709 333 LITTERAE
1731 301 1956 335 COMMUNES

799 490 911 523 8435.
928 491 1101 524 —Collat.
1129 499 1248 522 canon.
1267 489 1332 521 sub
1353 498 1449 531 exsp.
1467 490 1571 532 praeb.
1597 490 1679 524 eccl.
1703 491 1744 524 de
1769 491 2006 532 Monteregali,
2033 491 2279 524 Carcassonen.
2295 491 2357 531 di.,

756 546 896 579 obtentu
910 544 1063 586 praedicti
1084 542 1249 575 Bernardi
1267 541 1448 582 Guidonis‚
1465 542 1559 576 Petro
1581 544 1686 576 Boerii
1700 544 1812 586 ipsius
1830 545 1865 576 in
1889 544 2002 576 officio
2020 544 2257 585 inquisitionis
2272 547 2358 584 not„

755 599 888 632 nullum
914 598 1025 630 benef.
1046 597 1214 629 assecuto.
1239 613 1279 619 —
1295 596 1322 628 Ι.
1339 604 1368 628 e.
1387 605 1432 628 m.
1449 605 1555 638 praep.
1571 597 1747 635 Tolosam..
1772 598 1806 630 et
1823 596 1973 630 Guidoni
1994 597 2036 629 de
2055 597 2220 634 Velletro,
2239 598 2359 631 Belva-

755 661 841 687 cen.‚
858 661 896 683 ac
910 650 1115 691 Raymundo
1131 650 1244 685 Costa,
1261 649 1453 683 Ruthenen.
1470 659 1544 683 can.
1563 650 1645 683 eccl.
1663 651 1715 690 (A.
1734 652 1784 687 11,
1802 650 1825 681 t'.
1843 652 1883 682 36
1898 656 1932 688 ²3
1953 650 1990 682 V.
2005 651 2057 689 69,
2080 659 2134 692 ep.
2153 651 2237 693 100.)

800 702 910 734 8136.
929 720 968 726 -
986 703 1109 735 Collat.
1132 711 1250 734 canon.
1276 703 1340 735 sub
1362 711 1458 744 exsp.
1477 703 1580 744 praeb.
1603 706 1636 736 et
1651 703 1757 744 dign„
1774 712 1835 735 seu
1851 703 1906 735 off.
1920 703 1955 735 in
1971 703 2053 738 eccl.
2074 712 2103 735 s.
2123 704 2224 737 Pauli
2238 705 2281 738 de
2298 705 2360 738 Fe·

755 757 962 794 nolhedesio,
979 756 1124 787 Electen.
1150 755 1211 794 di.,
1228 756 1358 790 consid.
1379 756 1535 797 iamdicti
1562 756 1792 797 inquisitoris,
1810 755 1947 788 Gnidoni
1969 755 2119 788 Guidom's
2135 757 2247 798 ipsius
2265 767 2357 800 nep..

755 812 887 843 nullum
913 810 1026 842 benef.
1046 810 1214 841 assecuto.
1232 828 1271 833 —
1288 809 1316 841 Ι.
1333 818 1362 842 e.
1381 819 1426 842 m.
1445 809 1572 842 archid.
1591 810 1849 846 Carcassonen„
1868 812 1902 842 et
1917 809 2050 842 duobus
2067 810 2244 851 jamdictis
2257 820 2357 844 cano·

754 865 852 896 nicis.
872 863 922 904 (A.
947 866 996 901 11,
1012 862 1035 894 f.
1055 865 1095 895 39
1109 868 1140 900 ⁸5
1164 862 1200 895 V.
1218 863 1269 901 69,
1286 872 1340 904 ep.
1357 862 1442 903 114.)

799 914 910 946 8437.
927 933 966 939 —
992 917 1092 948 Prov.
1121 925 1241 948 canon.
1258 916 1323 948 sub
1340 925 1436 957 exsp.
1460 916 1564 957 praeb.
1588 917 1669 948 eccl.
1693 916 1734 948 de
1756 925 1784 947 s.
1811 914 1930 948 Felice
1951 916 2114 949 Tolosan.
2132 917 2192 956 di.,
2217 918 2358 951 obtentu

754 970 907 1010 praedicti
929 969 1157 1010 inquisitoris,
1176 969 1290 1001 ,Iacobo
1316 969 1477 1001 Manivesii
1500 970 1535 1000 in
1553 969 1607 1001 off.
1626 969 1863 1010 inquisitionis
1885 970 1968 1008 not„
1983 971 2106 1002 rectori
2121 969 2204 1003 ecel.
2221 979 2251 1002 s.
2265 971 2359 1004 Petri

754 1017 877 1055 Davitz
893 1032 921 1055 c.
940 1031 983 1060 c.,
998 1023 1152 1055 Castren.
1173 1022 1218 1054 di.
1235 1041 1274 1047 —
1291 1023 1318 1054 Ι.
1342 1031 1372 1055 e.
1389 1032 1435 1054 m.
1453 1022 1579 1054 archid.
1595 1022 1744 1060 Albien„
1761 1023 1794 1054 et
1809 1022 2011 1055 cancellario
2025 1023 2198 1062 Tolosam,
2215 1032 2253 1056 ac
2277 1024 2358 1057 Gui-

755 1077 834 1108 doni
849 1077 889 1108 de
905 1076 1069 1113 Velletro,
1086 1085 1160 1108 can.
1176 1076 1354 1108 Belvacen.
1371 1076 1453 1108 eccl.
1466 1076 1521 1117 (A.
1541 1077 1588 1113 II,
1603 1075 1625 1106 f.
1643 1077 1682 1108 78
1698 1081 1712 1114 ξ*
1724 1085 1734 1113 ;
1757 1075 1790 1107 V.
1807 1077 1861 1113 69,
1878 1085 1931 1117 ep.
1953 1078 2036 1116 115.)

799 1127 911 1159 8438.
931 1147 968 1153 -
982 1129 1102 1163 Gratia
1117 1138 1213 1170 exsp.
1228 1129 1341 1162 benef.
1359 1139 1388 1161 c.
1407 1139 1435 1161 c.
1455 1129 1509 1161 vel
1529 1138 1556 1161 s.
1572 1139 1600 1161 c.
1620 1129 1756 1161 etiamsi
1773 1129 1878 1170 dign„
1901 1131 2106 1170 personatus
2121 1130 2175 1162 vel
2192 1131 2247 1162 off.
2264 1130 2356 1163 exis·

753 1185 803 1220 tat
818 1184 871 1223 (80
884 1183 944 1215 lib.
961 1183 1044 1219 tur.)
1068 1183 1103 1214 in
1122 1183 1216 1215 civit.
1240 1184 1294 1215 vel
1308 1183 1355 1215 di.
1373 1182 1579 1220 Gebennen.,
1594 1183 1634 1214 ad
1651 1183 1764 1215 collat.
1781 1183 1862 1224 ep.i,
1880 1183 2010 1215 consid.
2026 1183 2206 1216 GuilIelmi
2220 1184 2358 1216 comitis

753 1237 962 1273 Gebennen.,
983 1236 1100 1267 Jacobo
1129 1236 1288 1277 Vaquardi
1304 1236 1446 1277 majoris
1465 1238 1498 1268 et
1522 1245 1551 1267 s.
1567 1236 1661 1267 Petri
1680 1236 1720 1268 de
1735 1237 1849 1277 Burgo
1863 1237 2049 1275 Valentia„
2069 1245 2098 1269 s.
2113 1237 2206 1269 Justi
2221 1237 2359 1279 Lugdu-

753 1299 830 1322 nen.
851 1292 894 1322 et.
912 1299 939 1322 s.
957 1290 1122 1325 Bernardi
1138 1291 1179 1322 de
1197 1290 1375 1323 Romanis.
1392 1290 1561 1322 viennen.
1580 1289 1640 1327 di.,
1657 1289 1739 1321 eccl.
1757 1298 1851 1328 can.;
1872 1299 1939 1322 non
1955 1289 2042 1322 obst.
2058 1289 2265 1331 quibusdam
2276 1299 2359 1332 pen—

754 1344 910 1376 sionibus
926 1352 1000 1385 quae
1021 1345 1226 1384 personatus
1251 1343 1438 1384 vulgariter
1464 1344 1713 1382 nuncupantur.
1731 1343 1767 1374 in
1792 1343 1833 1375 de
1858 1343 2022 1381 Crannes,
2040 1344 2082 1376 de
2102 1344 2358 1383 Andeliaco,de

752 1398 948 1429 Humiliaco
963 1400 995 1429 et
1015 1398 1056 1429 de
1073 1397 1197 1429 Herico
1215 1397 1308 1432 eccl..
1324 1397 1519 1429 Gebennen.
1537 1396 1598 1434 di.,
1611 1396 1739 1437 (sulib.
1753 1396 1836 1436 tur.)
1850 1415 1888 1420 —
1902 1397 1929 1428 Ι.
1947 1406 1978 1430 e.
1993 1406 2039 1429 m.
2053 1397 2163 1438 priori
2179 1397 2356 1436 Bellieen„

754 1453 786 1483 et
804 1460 908 1492 praep.
933 1460 960 1482 s.
975 1451 1118 1483 Andreae
1137 1450 1458 1491 Gratianopolitan.,
1475 1459 1514 1482 ac
1535 1449 1706 1491 Stephano
1726 1450 1767 1482 de
1787 1450 1982 1491 Campesio,
1999 1459 2072 1483 can.
2087 1451 2256 1484 Valentin-
2271 1451 2356 1484 ecel.

755 1507 806 1545 (A.
831 1507 879 1543 11,
896 1505 919 1536 f.
941 1507 998 1538 190
1014 1510 1048 1542 θ,
1072 1504 1103 1535 V.
1118 1506 1169 1542 69,
1191 1513 1243 1544 ep.
1261 1505 1346 1543 310.)

799 1556 909 1588 8439.
928 1576 965 1581 -
981 1559 1099 1590 Gratia
1113 1555 1208 1598 exsp.
1227 1558 1338 1590 benef.
1357 1567 1386 1589 e.
1405 1566 1433 1589 c.
1450 1557 1505 1588 vel
1523 1566 1551 1588 s.
1570 1566 1598 1588 c.
1618 1557 1661 1588 ad
1676 1557 1788 1589 collat.
1808 1556 1884 1589 abb.
1900 1559 1934 1590 et
1953 1567 2049 1590 conv,
2068 1559 2214 1590 monast.
2229 1557 2272 1591 de
2286 1558 2356 1591 Ha-

753 1612 927 1650 bundatia,
945 1612 984 1644 0.
1000 1612 1033 1644 S.
1049 1613 1104 1647 A.,
1118 1611 1314 1643 Gebennen.
1330 1611 1391 1649 di.,
1409 1611 1547 1650 pertin.‚
1563 1612 1615 1651 (40
1632 1611 1654 1642 l.
1673 1610 1727 1651 t.),
1743 1610 1860 1642 loanni
1874 1610 2042 1650 Malhardi,
2056 1611 2166 1652 ejusd.
2185 1612 2246 1650 di.,
2260 1611 2354 1651 cler„

754 1665 883 1697 consid.
902 1667 948 1697 ut.
966 1674 993 1696 s.
1012 1683 1049 1688 —
1062 1665 1090 1696 I.
1109 1674 1138 1696 e.
1154 1674 1200 1696 m.
1222 1664 1330 1705 priori
1353 1673 1380 1695 s.
1397 1664 1556 1702 Victoris,
1578 1664 1772 1696 Gebennen.
1791 1664 1852 1703 di.,
1871 1665 1904 1696 et
1919 1664 2088 1705 Stephano
2103 1665 2144 1697 de
2160 1665 2354 1705 Campesio.

754 1728 791 1751 ac
805 1719 989 1750 Guillelmo
1006 1719 1046 1750 de
1062 1718 1260 1755 Cheneluto‚
1277 1718 1450 1750 Valentin.
1468 1726 1542 1749 can.
1566 1717 1646 1749 eccl.
1662 1718 1716 1759 (A.
1742 1719 1791 1756 11,
1809 1718 1834 1749 f.
1858 1719 1916 1750 135
1933 1724 1968 1756 ¹3
1994 1718 2026 1749 V.
2043 1720 2095 1757 69,
2112 1727 2166 1759 ep.
2181 1717 2269 1759 311.)

798 1769 909 1801 8140.
929 1790 966 1795 —
983 1772 1104 1804 Collat.
1126 1780 1243 1803 canon.
1266 1771 1346 1803 eccl.
1364 1771 1554 1808 Vivarien.,
1573 1771 1608 1802 in
1625 1780 1693 1811 qua
1714 1773 1827 1803 certus
1842 1780 1916 1803 can.
1938 1781 2101 1804 numerus
2117 1774 2151 1804 et
2168 1771 2270 1813 praeb.
2288 1771 2358 1804 dis·

753 1826 872 1858 tinctio
891 1835 958 1857 non
973 1825 1149 1862 habentur,
1172 1825 1312 1856 Amedaeo
1331 1825 1367 1855 de
1393 1824 1551 1860 Gebennis,
1577 1825 1644 1856 PP.
1662 1834 1744 1866 cap„
1762 1825 1802 1856 fr.
1829 1825 1994 1857 moxdicti
2014 1825 2161 1863 comitis,
2183 1834 2251 1857 non
2266 1825 2356 1858 obst.

754 1880 844 1920 quod
862 1879 1050 1916 Colonien.²
1074 1879 1276 1919 Maguntin.,
1299 1879 1499 1919 Lingonen.,
1525 1878 1707 1916 viennen„
1730 1878 1902 1910 Valentin.
1922 1880 1956 1910 et
1969 1879 2167 1920 Lugdunen.
2184 1879 2264 1911 eccl.
2281 1888 2356 1912 cau.

753 1934 891 1971 existat,
909 1935 941 1965 et
957 1934 1138 1973 quamdam
1161 1933 1374 1972 pensionem,
1393 1934 1614 1972 personatum
1631 1932 1818 1972 vulgariter
1833 1934 2072 1972 nuncupatam,
2090 1932 2126 1963 in
2140 1932 2222 1964 eccl.
2239 1933 2282 1966 de
2296 1933 2359 1966 Co·

755 1988 929 2028 sungiaco,
955 1986 1150 2018 Gebennen.
1170 1986 1228 2024 di.,
1245 1986 1412 2026 percipiat
1429 1985 1615 2017 annuatim.
1627 2003 1666 2008 —
1678 1986 1703 2016 Ι.
1722 1994 1751 2017 e.
1771 1994 1815 2016 m.
1832 1994 1908 2026 ep.o
1923 1985 2131 2024 Gebennen.,
2145 1987 2177 2018 et
2189 1985 2265 2018 abb.
2284 1994 2356 2018 mo·

754 2043 842 2072 nast.
863 2049 891 2071 s.
922 2040 1036 2080 Ruphi
1058 2040 1245 2077 Valentin„
1264 2048 1301 2070 ac
1322 2038 1449 2071 Jacobo
1466 2039 1652 2079 Vaguardi‚
1669 2047 1741 2070 can.
1759 2039 1931 2070 Valentin.
1945 2039 1999 2079 (Α.
2017 2041 2066 2077 11,
2079 2039 2103 2070 f.
2124 2041 2181 2071 135
2198 2038 2227 2077 ¹·;
2253 2038 2286 2071 V.
2303 2041 2357 2076 69,

754 2104 806 2135 ep.
825 2094 911 2134 312.)

798 2145 909 2176 8441.
929 2165 967 2170 —
983 2147 1154 2177 Bononien.
1172 2151 1199 2176 et
1215 2146 1396 2178 Atrebaten.
1413 2146 1503 2187 ep.is‚
1514 2156 1549 2176 ac
1565 2156 1646 2186 may.
1660 2146 1826 2187 Aymerico
1840 2145 1877 2177 de
1888 2145 2087 2184 Castrolucii,
2103 2145 2222 2178 archid.
2244 2145 2358 2178 Tram-

755 2202 913 2242 viyennen.
931 2201 964 2231 in
985 2200 1056 2232 eccl.
1079 2200 1243 2237 Tur-onem,
1262 2199 1328 2231 PP.
1354 2209 1439 2241 cap„
1459 2199 1572 2231 mand.
1589 2207 1651 2239 pro
1668 2199 1883 2231 revocatione
1897 2208 2120 2239 processuum
2132 2208 2193 2240 per
2205 2199 2356 2241 Diegum

753 2255 794 2286 de
811 2255 940 2287 Larach
958 2256 991 2286 et
1003 2254 1217 2294 Alphonsum
1233 2254 1273 2285 de
1289 2253 1414 2294 Vayllo
1430 2253 1517 2290 mil„
1534 2253 1592 2293 qui
1611 2253 1752 2285 Roberti
1767 2253 1858 2293 regis
1870 2253 2008 2290 Siciliae,
2026 2253 2153 2284 dudum
2172 2253 2357 2294 provinciae

753 2308 987 2341 Romandiolae
1017 2307 1171 2345 rectoris,
1194 2307 1229 2338 in
1253 2307 1325 2338 ead.
1346 2306 1521 2346 provincia
1544 2306 1691 2338 vicarios
1715 2315 1752 2338 se
1784 2306 1953 2344 dicebant,
1977 2306 2220 2338 fabricatorum
2238 2308 2356 2339 contra

752 2370 930 2394 commune
948 2362 981 2392 et
1002 2361 1168 2401 populum
1193 2361 1397 2396 Ariminen„
1420 2361 1459 2392 E.
1483 2361 1524 2392 R.
1544 2360 1675 2397 fideles,
1699 2359 1825 2400 quibus
1847 2360 2106 2392 immoderatam
2133 2359 2264 2392 talliam
2289 2360 2357 2392 sol-

752 2415 897 2447 vendam
915 2414 1063 2446 indebite
1078 2414 1323 2453 imposuerant.
1342 2414 1394 2453 (A.
1417 2415 1466 2451 11,
1484 2413 1507 2444 f.
1525 2414 1543 2444 8
1560 2419 1592 2450 ¹³5
1613 2414 1649 2445 V.
1666 2415 1717 2450 69,
1731 2422 1784 2454 ep.
1802 2415 1866 2452 14.)

797 2465 908 2497 8442.
930 2486 967 2491 -—
987 2467 1116 2507 Symoni
1132 2466 1168 2497 de
1193 2467 1324 2497 Marsozv
1349 2467 1463 2499 collat.
1490 2476 1609 2499 canon.
1640 2468 1673 2498 et
1703 2466 1806 2507 praeb.
1826 2467 1907 2498 eccl.
1926 2467 2182 2505 Vratislavien.,
2199 2475 2260 2507 per
2275 2466 2358 2498 resi·

753 2523 841 2563 gnat.
861 2521 996 2553 Roberti
1011 2522 1051 2552 de
1078 2522 1185 2552 Fonte
1204 2529 1247 2552 ex
1263 2529 1365 2552 causa
1382 2520 1645 2560 permutationis
1663 2529 1740 2552 cum
1755 2520 1829 2552 eod.
1842 2521 1990 2560 Symone
2005 2521 2046 2551 de
2065 2528 2184 2552 canon.
2204 2521 2238 2552 et
2249 2519 2355 2560 praeb.

754 2576 834 2608 eccl.
855 2575 1024 2607 Lubucen.
1049 2574 1210 2605 faciendae
1232 2583 1303 2605 vac.
1315 2584 1324 2610 ;
1352 2583 1419 2606 non
1442 2574 1529 2606 obst.
1556 2582 1675 2606 canon.
1698 2575 1732 2605 et
1748 2573 1851 2614 praeb.
1869 2574 1949 2605 eccl.
1967 2582 1995 2605 s.
2013 2572 2142 2614 AEgidii
2157 2574 2302 2613 Pragen.
2317 2591 2357 2597 -

753 2630 779 2661 Ι.
799 2639 827 2661 e.
847 2638 892 2661 m.
910 2628 1080 2668 archiep.0
1105 2628 1240 2668 stigen„
1268 2630 1301 2659 et
1321 2628 1361 2659 de
1387 2628 1541 2668 Ratybor
1563 2629 1596 2659 et
1620 2628 1661 2659 de
1674 2627 1826 2667 Antiqua
1843 2627 2068 2667 Namyslavia
2086 2626 2166 2659 eccl.
2183 2626 2354 2667 plebanis,

754 2682 1013 2714 Wratislavien.
1029 2681 1074 2712 di.
1095 2681 1146 2720 (A.
1168 2683 1217 2718 11,
1238 2681 1260 2711 f.
1283 2683 1318 2712 11
1334 2687 1366 2717 ³;
1387 2681 1422 2712 V.
1446 2683 1498 2720 69,
1515 2690 1567 2721 ep.
1591 2682 1653 2719 18.)

797 2733 909 2765 8443.
929 2753 967 2759 -—
980 2734 1113 2766 lieberto
1129 2733 1164 2764 de
1178 2734 1276 2764 Fonte
1289 2734 1400 2766 collat.
1417 2743 1536 2766 canon.
1553 2735 1586 2765 et
1610 2733 1712 2774 praeb.
1731 2733 1813 2765 eccl.
1832 2732 2020 2770 Lubucen.,
2037 2733 2167 2764 ratione
2185 2732 2356 2773 praedictae

754 2788 1014 2830 permutationis
1034 2797 1130 2825 vac.;
1162 2796 1229 2819 non
1255 2787 1342 2819 obst.
1374 2788 1465 2828 quod
1491 2787 1527 2818 in
1553 2787 1807 2818 Wlatislavien.
1826 2788 1859 2818 et
1887 2787 1923 2818 in
1947 2786 2165 2818 Crusnacien.
2184 2795 2302 2818 canon.
2322 2787 2356 2818 et

754 2843 871 2883 praeb.,
886 2844 919 2874 et
934 2842 970 2873 in
984 2842 1024 2873 de
1047 2850 1075 2872 s.
1092 2841 1218 2872 Aredio
1232 2841 1328 2877 eccl.‚
1345 2841 1608 2872 Wladislavien.
1625 2842 1658 2872 et
1673 2840 1887 2872 Lemovicen.
1904 2839 1964 2875 di.,
1980 2848 2098 2871 canon.
2116 2841 2149 2871 et
2167 2839 2354 2872 cantoriam

755 2896 916 2932 obtineat,
932 2897 964 2927 et
983 2904 1086 2935 super
1113 2893 1215 2934 praeb.
1235 2894 1343 2934 ejusd.
1362 2894 1443 2926 eccl.
1462 2894 1502 2925 de
1521 2903 1548 2925 s.
1566 2894 1691 2925 Aredio
1708 2894 1829 2934 litiget.
1850 2911 1890 2917 —
1906 2894 1933 2924 I.
1951 2902 1980 2925 e.
1997 2902 2042 2924 m.
2056 2901 2132 2933 ep.o
2146 2893 2303 2934 Pragen,
2322 2893 2356 2924 et

755 2951 842 2981 cant.
861 2951 894 2981 et
913 2949 1048 2981 scolast.
1069 2948 1149 2980 eccl.
1166 2947 1426 2980 Wratislavien.
1443 2948 1496 2988 (A.
1517 2949 1566 2983 11,
1585 2947 1606 2979 f.
1627 2949 1663 2979 13
1678 2953 1710 2985 ¹¹;
1736 2946 1768 2978 V.
1787 2949 1838 2986 69,
1857 2955 1909 2987 ep.
1929 2946 1994 2987 21.)
