2592 3562
387 321 447 353 360

422 410 524 437 Datum
543 406 566 439 Α
573 405 725 439 venione.

398 513 432 539 11
450 513 496 547 (111
514 512 566 545 id.)
580 520 643 548 apr.
661 512 749 540 1319.

480 557 511 584 Τ.
527 557 574 591 XI,
591 557 662 584 XIII.

534 832 570 860 Ut
587 840 610 859 s.

404 1046 442 1073 12
458 1049 490 1080 (11
507 1045 557 1075 id.)
575 1054 638 1081 apr.
655 1045 744 1074 1319.

501 1091 532 1118 Τ.
546 1090 641 1118 XXIV.

417 1258 454 1286 13
472 1257 535 1293 (id.)
550 1266 612 1293 apr.
635 1258 722 1286 1319.

518 1303 549 1330 Τ.
568 1303 627 1330 ΧΧ.

527 1525 562 1552 Ut
589 1533 612 1552 s.

514 1570 544 1597 T.
560 1570 619 1597 XVI
624 1591 631 1599 .

533 1740 567 1766 Ut
585 1748 607 1766 s.

508 1784 537 1810 T.
555 1784 626 1810 XVI.

529 1954 565 1981 Ut
581 1962 603 1980 s.

505 1998 534 2024 Τ.
557 1998 626 2025 xvl.

528 2167 562 2194 Ut
579 2175 603 2194 s.

527 2435 562 2463 Ut
580 2444 603 2462 s.

522 2595 558 2623 Ut
581 2603 605 2623 s.

453 2702 489 2730 M
506 2711 567 2738 apr.
590 2702 679 2730 1319.

429 2751 517 2782 (xvni
534 2747 593 2774 kal.
611 2746 706 2783 maii.)

474 2792 504 2819 T.
520 2792 566 2825 XI,
584 2792 656 2818 XIII.

527 2917 563 2944 Ut
579 2925 602 2944 s.
664 2913 668 2918 “

477 2962 507 2988 Τ.
520 2962 566 2995 ΧΙ,
582 2961 653 2988 XIII.

797 319 971 351 JOANNIS
994 319 1114 351 PAPAE
1135 319 1238 351 xxll.
1262 321 1511 360 (13184884).
1532 338 1571 346 —·
1594 320 1781 352 LITTERAE
1803 321 2029 353 COMMUNES

855 508 967 540 9230.
987 528 1025 534 -—
1039 510 1165 543 Collat.
1179 509 1261 541 eccl.
1277 510 1319 542 de
1337 509 1523 549 Vimineto‚
1539 510 1730 543 Ruthenen.
1749 510 1811 548 di..
1826 519 1862 543 c.
1873 520 1916 548 c.‚
1932 511 2155 551 retroscripto
2175 511 2339 543 Ber-nardo
2352 511 2418 543 Hu-

811 565 900 605 9om‘s
916 564 954 595 de
985 563 1192 601 Cardallzaco,
1215 571 1282 594 non
1300 562 1393 595 obst..
1414 564 1568 604 prioratu
1591 563 1706 595 saecul.
1723 563 1803 595 eccl.
1822 564 1863 595 de
1890 564 2062 604 VarogieL
2088 564 2187 596 dictae
2210 564 2270 602 di.,
2295 573 2415 597 canon.

812 619 893 650 eccl.
923 617 1071 649 Ruthen.
1093 616 1156 648 sub
1181 624 1277 656 exsp.
1303 616 1420 656 praeb.,
1444 617 1550 658 dign,
1569 617 1623 648 vel
1649 618 1854 657 personatus
1871 625 1933 649 seu
1949 618 2019 655 off.,
2036 626 2065 649 c.
2082 626 2110 649 c.
2131 617 2185 650 vel
2202 626 2231 649 s.
2245 626 2290 656 c.‚
2305 620 2339 650 et
2354 617 2417 651 lite

812 680 915 711 super
928 670 1081 711 prioratu
1098 669 1179 701 eccl.
1208 669 1249 701 de
1270 669 1383 702 Claris
1407 669 1580 707 Vallibus,
1605 669 1703 701 dictae
1729 669 1921 702 Ruthenen.
1941 670 1988 702 di.
2003 687 2043 694 -
2056 670 2082 702 Ι.
2101 679 2130 703 e.
2151 679 2197 702 m.
2211 671 2360 703 Geraldo
2375 671 2417 703 de

811 724 982 761 Lautrico,
1003 723 1128 755 archid.
1156 723 1373 760 Avinionen„
1389 725 1422 755 et
1434 723 1608 755 Armando
1622 723 1664 754 de
1680 723 1818 760 Roseto,
1837 722 1976 755 scolast.
2000 724 2246 764 Eugolismen.,
2265 733 2303 756 ac
2319 724 2420 757 Rato-

811 779 862 809 rio
881 777 921 808 de
937 777 1151 814 Miramonte‚
1169 785 1242 808 can.
1259 775 1394 808 Albien.
1415 776 1496 808 eccl.
1515 777 1567 815 (Α.
1588 778 1637 813 11,
1654 775 1679 806 f.
1696 777 1755 807 347
1775 781 1810 813 ²3
1834 775 1868 807 V.
1885 777 1938 811 69.
1955 785 2008 816 ep.
2029 779 2092 810 669
2109 778 2161 816 Β.)

856 828 968 860 9231.
987 848 1026 853 -—
1044 828 1190 861 Michaeli
1204 829 1241 861 de
1266 829 1380 861 Rovira
1400 830 1489 862 conf.
1506 829 1642 870 paroch.
1663 829 1744 860 eccl.
1765 837 1792 861 s.
1810 829 1941 861 Juliani
1957 829 1998 861 de
2016 830 2151 868 Altum,
2168 830 2415 863 Barchinonen.

811 884 872 922 di„
889 893 991 924 quam
1013 884 1114 924 Hugo
1139 883 1180 916 de
1205 883 1360 916 cardona
1377 883 1478 924 juxta
1502 883 1639 914 constit.
1661 890 1766 921 super
1786 882 1910 922 plural.
1930 882 2043 915 henes.
2061 883 2206 916 dimisit.
2222 901 2260 908 —-
2276 885 2302 917 1.
2319 893 2349 916 e.
2369 893 2416 916 m.

812 938 1024 970 Galcerando
1037 937 1189 975 Sacosta,
1207 936 1335 968 archid.
1353 937 1520 977 Urgelleti
1538 939 1570 967 et
1585 935 1699 967 Vallis
1717 935 1891 972 Andorrae‚
1907 936 2095 976 Urgellen.,
2111 938 2144 968 et
2163 937 2356 969 Raimundo
2375 937 2416 970 de

811 991 940 1023 Vilalta
956 999 993 1022 ac
1006 991 1108 1022 Petro
1120 991 1203 1027 Ros,
1219 998 1292 1022 can.
1311 990 1557 1022 Barchinonen.
1582 989 1663 1020 eccl.
1684 988 1738 1027 (V.
1755 990 1807 1025 69,
1826 997 1880 1029 ep.
1900 990 1984 1028 769.)

854 1042 966 1073 9232.
985 1060 1023 1066 -
1042 1043 1203 1076 Guillelmo
1219 1053 1289 1084 ep.o
1314 1043 1463 1074 Sabinen.
1490 1042 1591 1074 facul.
1617 1042 1805 1081 recipiendi
1829 1042 1991 1082 resignat.
2021 1051 2083 1083 per
2115 1043 2355 1075 Fortanerium
2374 1043 2417 1076 de

811 1107 838 1129 s.
861 1098 1006 1135 Asterio,
1029 1097 1174 1134 Aretin„
1195 1098 1228 1129 et
1246 1097 1444 1136 Philippum
1461 1095 1606 1127 Joannis
1620 1095 1764 1127 Gaetani
1779 1095 1820 1127 de
1835 1095 2003 1131 Assissio.
2018 1095 2207 1137 Lingonen.
2226 1097 2308 1129 eccl.
2327 1105 2417 1134 can..

810 1152 851 1183 de
869 1160 987 1183 canon.
1004 1152 1037 1183 et
1055 1150 1173 1191 praeb.,
1195 1159 1281 1191 quos
1300 1150 1336 1181 in
1351 1150 1453 1181 dictis
1470 1149 1551 1180 eccl.
1573 1148 1740 1185 obtinent,
1757 1157 1884 1188 eosque
1903 1148 2003 1189 juxta
2021 1149 2308 1189 permutationem
2329 1149 2418 1191 ipsis

810 1204 1018 1237 conferendi.
1033 1204 1087 1245 (A.
1105 1206 1155 1242 11,
1174 1203 1198 1235 f.
1221 1205 1280 1236 334
1296 1208 1327 1240 ⁸5
1350 1202 1381 1233 V.
1399 1204 1450 1239 69,
1467 1211 1519 1242 ep.
1537 1201 1626 1242 602.)

854 1255 966 1287 9233.
984 1274 1023 1280 -
1042 1257 1206 1298 Radulplio
1223 1254 1259 1288 de
1276 1256 1438 1297 Spedona,
1463 1256 1597 1286 thesaur.
1619 1254 1692 1286 eccl.
1719 1254 1899 1292 Ebroicen.,
1927 1255 2149 1287 remittuntur
2161 1255 2295 1288 fructus
2310 1254 2419 1296 praeh.

811 1313 892 1343 eccl.
922 1311 1100 1343 Ebroicen.
1120 1319 1223 1351 quam
1251 1311 1328 1350 post
1357 1309 1440 1340 obit.
1456 1309 1592 1340 Nicolai
1609 1309 1650 1340 de
1679 1308 1872 1347 Benefacta,
1901 1310 1990 1340 auct.
2014 1309 2193 1349 quusdam
2216 1309 2334 1350 gratioe
2355 1302 2418 1350 'per

811 1365 1021 1397 Clementem
1038 1365 1107 1396 ΡΡ.
1119 1365 1149 1396 V
1161 1364 1257 1395 factae
1271 1364 1313 1394 cl.
1329 1372 1375 1394 m.
1391 1362 1462 1402 regi
1479 1362 1645 1399 Franciae,
1662 1363 1841 1394 assecutus
1855 1363 1909 1393 est
1928 1363 1962 1394 et
1975 1370 2037 1402 per
2049 1371 2111 1394 vm
2124 1371 2232 1394 annos
2248 1361 2337 1395 bona
2350 1362 2418 1395 fide
2453 1388 2455 1390 .

810 1419 974 1459 possedit,
1001 1426 1190 1458 quousque,
1218 1426 1295 1448 cum
1321 1416 1433 1447 dictus
1454 1415 1620 1447 Nicolaus
1648 1415 1772 1447 fuisset
1799 1424 1872 1455 cap.
1897 1415 1932 1447 S.
1955 1417 2012 1454 A.‚
2038 1415 2107 1447 ΡΡ.
2132 1415 2230 1448 alteri
2261 1415 2418 1456 provide-

811 1473 866 1503 rit.
880 1473 934 1512 (A.
953 1474 1002 1509 12,
1021 1472 1044 1502 f.
1061 1473 1119 1503 327
1133 1477 1163 1507 ὃς
1189 1470 1223 1502 V.
1241 1472 1294 1508 69,
1308 1479 1361 1509 ep.
1379 1469 1468 1509 479..)

853 1523 967 1555 9234.
980 1544 1018 1549 -
1037 1525 1171 1564 Indulg.
1186 1534 1202 1554 c
1219 1524 1352 1554 dierum
1367 1531 1460 1554 conc.
1479 1523 1550 1554 illis
1565 1522 1624 1562 qui
1652 1523 1687 1553 in
1706 1531 1739 1553 xv
1761 1522 2005 1554 festivitatibus
2021 1523 2060 1554 B.
2076 1523 2122 1554 M.
2139 1523 2180 1555 V.
2200 1522 2419 1555 visitaverint
2441 1547 2444 1549 .

810 1580 976 1619 capellam
994 1579 1034 1610 de
1057 1579 1157 1615 Cran,
1182 1576 1370 1617 parochiali
1393 1576 1473 1607 eccl.
1495 1576 1536 1607 de
1562 1576 1756 1616 Treuleyan
1778 1576 1938 1607 canonice
1955 1576 2100 1613 unitam,
2118 1577 2282 1608 veneten.
2301 1576 2363 1615 dis,
2381 1576 2418 1608 in

810 1642 877 1673 qua
896 1633 1003 1663 multa
1026 1633 1210 1672 operantur
1238 1629 1416 1668 miracula,
1443 1639 1485 1660 xi.
1504 1638 1584 1661 vero
1611 1629 1744 1660 dierum
1763 1630 1799 1660 in
1824 1629 1966 1660 octavis.
1985 1629 2042 1670 (A.
2063 1632 2112 1666 11,
2129 1629 2153 1660 f.
2171 1631 2231 1662 38⁷
2246 1629 2281 1667 ¹‘;
2306 1628 2345 1661 V.
2360 1630 2414 1668 69,

810 1695 862 1726 ep.
878 1686 963 1725 708.)

854 1737 965 1768 9235.
983 1757 1022 1762 -
1039 1739 1127 1779 Ep.o
1154 1737 1369 1777 Enyolz'smen.
1387 1736 1502 1768 mand.
1522 1738 1559 1767 ut
1580 1736 1755 1776 dispenset
1771 1744 1874 1776 super
1897 1737 1931 1766 3⁰
1947 1745 1990 1767 ex
2007 1745 2075 1768 uno
2092 1738 2125 1768 et
2137 1739 2171 1768 4⁰
2187 1744 2231 1768 ex
2248 1735 2356 1768 altero
2367 1735 2417 1768 la·

809 1793 940 1824 teribus
958 1792 1181 1832 consanguin.
1199 1801 1242 1822 ex
1259 1793 1335 1822 actu
1352 1790 1536 1821 fornicario
1554 1790 1789 1829 provenientis
1805 1789 1981 1830 gradibus,
1998 1790 2034 1821 in
2049 1790 2199 1821 matrim.
2219 1790 2416 1830 ignoranter

809 1849 979 1878 contracto
996 1847 1084 1877 inter
1100 1845 1287 1876 Jordanum
1306 1844 1346 1875 de
1364 1843 1535 1878 Lobertio,
1556 1844 1629 1874 mil.
1645 1843 1877 1883 Engolismen.
1897 1843 1957 1880 di„
1975 1845 2008 1874 et
2020 1844 2187 1874 Joannam
2202 1843 2316 1883 ipsius
2330 1850 2417 1875 uxo-

810 1910 892 1932 rem.
911 1901 963 1940 (A.
983 1903 1031 1937 11,
1050 1900 1073 1930 s.
1090 1901 1150 1930 473
1168 1905 1198 1935 ³3
1227 1898 1259 1928 V.
1278 1900 1329 1935 69,
1347 1906 1399 1937 ep.
1417 1896 1503 1935 713.)

853 1951 964 1982 9236.
980 1972 1019 1976 -
1036 1953 1113 1984 Abb.
1132 1957 1260 1983 monast.
1284 1962 1309 1981 s,
1326 1950 1477 1981 Florentii
1494 1950 1530 1981 de
1549 1949 1715 1985 Saumuro.
1735 1949 1935 1991 Andeqaven.
1953 1949 2010 1985 di..
2028 1949 2140 1981 mand.
2161 1951 2198 1981 ut
2217 1950 2259 1981 ad
2273 1948 2416 1982 redden-

809 2008 886 2038 dam
903 2008 1069 2038 rationem
1091 2007 1131 2037 de
1157 2006 1256 2037 bonis
1279 2004 1507 2036 haereditarfis
1532 2004 1658 2043 quond.
1674 2004 1793 2034 Arturi
1815 2004 1922 2035 Ducis
1937 2003 2132 2040 Britanniae,
2152 2003 2250 2043 cujus
2265 2003 2417 2035 Joannes

809 2062 877 2091 (lux
898 2061 1081 2092 Britanniae
1105 2060 1197 2090 iilius
1212 2062 1244 2090 et
1261 2059 1368 2090 haeres
1384 2057 1514 2092 existit,
1534 2065 1650 2096 ep.um
1665 2058 1830 2088 Veneten.
1849 2059 1883 2088 et
1911 2056 2146 2089 Theobaldum
2172 2056 2214 2088 de
2233 2056 2416 2096 Rupeforti

809 2115 881 2145 mil.
900 2123 937 2145 ac
954 2114 1040 2145 alios
1059 2115 1259 2144 executores
1276 2111 1555 2143 testamentali-ios
1571 2110 1764 2150 compellat.
1780 2110 1832 2149 (A.
1847 2112 1896 2147 11,
1914 2111 1936 2141 f.
1955 2112 2012 2143 391
2029 2115 2063 2148 a3
2089 2109 2122 2140 V.
2136 2111 2188 2147 69.
2205 2118 2258 2150 ep.
2278 2107 2387 2151 723.)'

852 2165 962 2196 9237.
982 2186 1020 2190 -
1040 2166 1211 2197 ΤΙιεοόαίάο
1227 2165 1263 2196 de
1278 2165 1438 2200 Dusst'aco,
1457 2164 1536 2195 cler.
1555 2165 1588 2195 et
1600 2164 1707 2195 famil.
1726 2164 1923 2195 Clementiae
1938 2164 1977 2195 R.
1991 2164 2029 2195 F.
2046 2165 2080 2195 et
2094 2164 2152 2198 N.,
2164 2163 2278 2195 collat.
2294 2171 2415 2195 canon.

809 2224 839 2252 et
857 2221 960 2261 praeb.
979 2221 1059 2252 eccl.
1075 2221 1269 2256 Belvacen„
1284 2228 1344 2258 per
1360 2218 1442 2249 obit.
1461 2226 1548 2258 mag.
1561 2217 1654 2248 Petri
1670 2216 1784 2254 Fabri,
1798 2217 1866 2248 ΡΡ.
1885 2219 1967 2252 not.,
1981 2225 2036 2257 ap.
2051 2217 2085 2248 S.
2102 2217 2142 2248 A.
2162 2216 2314 2248 defuncti
2322 2225 2414 2255 vac.;

807 2284 873 2305 non
906 2274 993 2305 obst.
1013 2275 1058 2313 in⁸
1082 2274 1162 2305 eccl.
1182 2273 1383 2305 Novionien.
1413 2271 1608 2306 archidiac„
1626 2279 1745 2301 canon.
1767 2272 1800 2301 et
1827 2270 1931 2310 praeb.
1948 2288 1987 2293 —
2002 2270 2028 2301 1.
2046 2279 2075 2301 e.
2094 2278 2141 2300 m.
2171 2269 2247 2301 abb.
2265 2271 2414 2302 monast.

808 2338 835 2359 s.
854 2328 1009 2364 Quintini
1035 2328 1133 2367 Juxta
1150 2327 1344 2363 Belvacum,
1374 2327 1406 2356 et
1424 2333 1536 2364 magg.
1566 2324 1717 2355 Arnaldo
1744 2323 1785 2355 de
1815 2333 1843 2355 s.
1862 2323 2022 2361 Genesio,
2040 2324 2127 2355 cant.
2158 2322 2360 2360 Bituricen„
2374 2331 2414 2355 ac

806 2382 986 2421 Radulpho
1002 2382 1043 2412 de
1061 2381 1296 2421 Guignicurte‚
1313 2388 1387 2411 can.
1404 2380 1572 2410 Aversan.
1590 2378 1670 2409 eccl.
1692 2377 1744 2415 (V.
1760 2379 1812 2415 69,
1832 2386 1885 2418 ep.
1903 2377 1991 2417 749.)

850 2433 962 2464 9238.
980 2453 1018 2457 -
1036 2434 1076 2465 Ν.
1099 2445 1138 2464 m.
1158 2433 1282 2465 Blancae
1302 2433 1339 2464 de
1363 2432 1546 2469 Britannia,
1565 2431 1652 2462 d.nae
1678 2431 1720 2462 de
1737 2430 1884 2462 conchis
1899 2433 1932 2462 et
1953 2431 1994 2462 de
2012 2430 2171 2467 Meduno,
2190 2429 2356 2470 indulget.
2374 2431 2413 2463 ut

805 2489 982 2521 confessor
1005 2496 1088 2519 suus
1107 2488 1143 2518 in
1166 2487 1287 2518 mortis
1303 2486 1448 2518 articulo
1473 2485 1610 2525 plenam
1633 2484 1873 2516 remissionem
1896 2484 2050 2515 omnium
2073 2485 2290 2523 peccatorum
2306 2483 2415 2515 semel

805 2544 837 2575 ei
854 2542 1037 2574 concedere
1053 2541 1176 2572 valeat.
1191 2540 1243 2579 (V.
1255 2542 1306 2575 69,
1325 2549 1378 2579 ep.
1393 2541 1453 2571 794
1469 2539 1523 2578 Β.)

849 2593 961 2625 9239.
981 2611 1018 2617 -—
1033 2594 1120 2635 Epo
1136 2594 1266 2625 Melden.
1288 2593 1389 2624 facul.
1406 2592 1613 2624 concedendi
1628 2586 1874 2623 tabellionatus
1889 2590 1944 2622 off.
1963 2600 1986 2621 ιι
2003 2589 2094 2630 pers,
2106 2599 2125 2621 a
2140 2589 2266 2622 Blanca
2281 2589 2323 2621 de
2339 2589 2413 2623 Bri·

804 2650 932 2686 tannia,
949 2649 1029 2680 dn.a
1044 2648 1084 2679 de
1101 2647 1247 2679 Conchis
1261 2648 1293 2678 et
1315 2647 1356 2678 de
1373 2646 1534 2683 Meduno,
1550 2644 1780 2677 nominandis.
1797 2643 1850 2684 (V.
1866 2646 1918 2681 69,
1934 2652 1987 2683 ep.
2005 2643 2110 2682 1542.)

848 2699 960 2732 9240.
978 2721 1015 2726 -
1028 2701 1122 2732 Petro
1140 2700 1175 2731 de
1192 2700 1279 2741 Rupe
1304 2699 1392 2731 conf.
1419 2699 1556 2739 paroch.
1576 2699 1657 2730 eccl.
1675 2698 1716 2729 de
1739 2698 1966 2738 Luppegrata,
1985 2697 2160 2737 Agennen.
2175 2696 2233 2734 di„
2252 2704 2313 2736 per
2327 2695 2412 2728 resi·

804 2758 895 2797 gnat.
911 2756 1050 2789 Geraldi
1065 2755 1105 2786 de
1124 2755 1222 2794 Rupe
1237 2762 1290 2793 ap.
1304 2753 1337 2784 S.
1356 2753 1396 2784 A.
1414 2753 1538 2784 factam
1552 2761 1624 2783 vac.
1641 2769 1680 2774 —
1692 2751 1720 2783 I.
1731 2760 1760 2782 e.
1778 2760 1823 2782 m.
1842 2750 1971 2781 archid.
1981 2750 2022 2781 de
2037 2750 2194 2781 Gandavo
2209 2749 2411 2787 Tornacen„

805 2813 837 2842 et
852 2812 938 2842 cant.
953 2808 1215 2849 Petragoricen„
1234 2816 1271 2838 ac
1287 2807 1387 2838 Petro
1403 2806 1444 2837 de
1460 2805 1626 2840 Tofalhis‚
1643 2813 1719 2836 can.
1732 2805 1907 2844 Agennen.
1922 2803 2003 2835 eccl.
2017 2803 2071 2842 (A.
2086 2805 2136 2839 11,
2149 2803 2173 2833 f.
2183 2803 2245 2834 410
2259 2807 2289 2838 *ς
2311 2801 2345 2832 V.
2358 2802 2411 2839 ⁶9,

758 2900 763 2905 ,
805 2873 857 2903 ep.
875 2864 960 2902 581.)

848 2913 959 2945 9241.
979 2934 1018 2938 -
1037 2914 1239 2946 Reservatio
1252 2913 1433 2944 archidiac.
1453 2912 1494 2943 de
1511 2911 1658 2951 Angulis
1677 2912 1711 2941 in
1729 2910 1810 2942 eccl.
1827 2910 1999 2947 Tarvien„
2019 2909 2060 2942 Ο.
2073 2909 2108 2941 S.
2123 2909 2180 2947 A.‚
2198 2917 2260 2949 per
2274 2916 2408 2939 assecu-

803 2971 932 3002 tionem
948 2969 989 3000 ab
1005 2968 1143 3001 Oddone
1162 2967 1203 2998 de
1219 2967 1351 2998 Benaco
1367 2966 1408 2997 de
1421 2965 1603 2996 archidiac.
1620 2964 1776 2996 Pardiaci
1791 2964 1826 2994 in
1842 2963 1925 2995 eccl.
1939 2962 2120 3000 Anxium„
2131 2962 2200 3002 ipsi
2210 2970 2272 3002 per
2282 2960 2408 2993 Pontis.

804 3024 930 3060 collati,
950 3022 1137 3054 faciendam
1155 3021 1190 3052 in
1207 3020 1302 3051 brevi
1321 3019 1484 3056 vacaturi,
1511 3018 1628 3049 Garsiae
1642 3017 1780 3048 Arnaldi
1793 3017 1830 3047 de
1855 3016 1987 3054 Ortesio,
2014 3015 2113 3048 dictae
2143 3015 2301 3047 Tarvien.
2327 3014 2408 3046 eccl.
