2592 3562
399 332 459 364 m!

428 424 528 450 Datum
553 418 739 453 Avenione.

435 684 448 710 ι
471 684 554 720 (kal.)
564 684 622 718 μαι.
643 683 731 712 1318.

526 729 557 756 T.
571 728 642 756 xlv.

541 790 578 818 Ut
597 799 621 818 s.

491 835 521 862 T.
538 835 583 869 XI,
599 834 670 862 XIII.

546 950 577 978 Ui
597 959 619 976 S.

525 995 555 1021 T.
575 995 632 1022 XII.

543 1109 578 1137 Ut
597 1117 621 1136 s.

501 1153 522 1180 Τ
549 1154 656 1187 ΧμΧΠ.

537 1321 574 1349 Ut
593 1330 616 1349 s.

505 1366 534 1392 T.
557 1366 649 1393 XXIV.

536 1746 571 1774 Ut
589 1755 612 1773 s,

503 1791 532 1817 T.
550 1791 645 1818 XVIII.

533 2226 569 2253 Ut
585 2234 608 2253 s.

482 2269 512 2296 T.
529 2270 574 2303 xi,
587 2271 656 2298 XIII.

529 2597 565 2625 Ut
580 2606 603 2625 s.

475 2641 505 2668 Τ.
520 2642 566 2676 XI,
582 2643 653 2670 XIII.

523 2865 557 2891 Ut
575 2873 598 2891 s.

504 2909 533 2935 T.
556 2909 613 2936 XII.

2002 0 2007 7 ¹
2044 0 2057 16 ι’
2098 0 2305 26 “³“T'twif-s,
2334 16 2337 18 ,
2355 9 2361 15 .
2376 8 2417 18 .2.1.

2165 34 2175 38 ⁴
2216 29 2219 31 .
2267 35 2270 37 .
2303 22 2386 38 .·’·.
2425 24 2501 39 *25*-

797 331 970 363 JOANNIS
995 331 1112 363 PAPAE
1133 331 1235 364 xxll.
1260 333 1496 373 (1316-1334)
1518 349 1556 355 --
1578 329 1763 360 LITTERAE
1786 328 2011 360 COMMUNES

825 524 982 564 gentibus
1007 525 1128 565 culpis.
1148 534 1166 555 a
1182 525 1247 556 ΡΡ.
1266 525 1399 561 factam,
1418 533 1488 555 vac.
1508 533 1514 555 :
1539 522 1667 554 consid.
1687 531 1720 552 n.
1738 530 1770 552 v.
1787 521 1879 552 Petri
1898 520 2025 559 Dueza‚
2042 521 2116 553 mil.
2132 540 2171 546 —
2187 522 2215 554 Ι.
2231 531 2261 554 e.
2278 531 2324 555 m.
2342 523 2418 555 abb.

826 580 967 610 monast.
986 578 1205 614 Salmodien.,
1226 578 1433 608 Nemausen.
1455 577 1515 614 di.,
1539 578 1572 607 et
1587 575 1760 615 Figiacen.
1777 583 1815 605 ac
1829 573 2090 614 Montispensati
2106 574 2269 607 archid.is
2286 575 2322 608 in
2336 577 2418 609 eccl.

824 631 999 663 Caturcen.
1020 632 1071 669 (A.
1090 632 1138 668 10,
1157 631 1179 661 f.
1198 631 1255 662 100
1269 630 1302 666 ὓς
1328 629 1361 660 V.
1376 631 1427 664 68,
1445 638 1497 669 ep.
1516 629 1621 666 1764.)

869 681 979 712 7633.
995 702 1034 707 -
1050 683 1152 724 [ἔμω
1165 683 1371 714 Silvanectum.
1389 683 1488 714 datur
1508 683 1545 712 ut
1562 681 1668 721 judex
1681 682 1901 711 conservator
1917 680 1958 712 ad
1976 681 2178 712 decennium
2196 682 2372 722 magistris
2387 685 2420 715 et

825 736 1012 768 scolaribus
1029 737 1194 768 Parisien.
1215 736 1267 776 (A.
1290 737 1337 772 10,
1355 736 1376 767 f.
1394 737 1433 768 57
1446 740 1479 770 ²¹;
1502 734 1538 766 V.
1556 735 1607 771 68,
1624 742 1676 773 ep.
1696 734 1800 771 1769.)

870 786 979 818 7634.
994 808 1031 812 -
1049 789 1207 820 Gallzardo
1221 789 1258 819 de
1274 789 1372 819 Biron
1388 788 1474 819 conf.
1492 786 1698 826 archipresb.
1718 786 1759 816 de
1775 785 1987 822 Aubernaco‚
2005 786 2179 819 pictaven.
2194 787 2255 824 di.,
2275 797 2346 820 vac.
2359 797 2421 829 per

824 842 904 874 obit.
923 852 976 882 ap.
995 843 1028 875 S.
1045 844 1083 874 A.
1109 842 1248 874 Geraldi
1271 843 1311 873 de
1335 851 1362 872 s.
1383 842 1540 873 Genesio.
1564 857 1601 861 —
1619 839 1645 870 Ι.
1665 848 1694 871 e.
1710 848 1755 870 m.
1774 838 1990 871 Lemovicen.
2009 841 2043 871 et
2066 839 2244 873 caturcen.
2265 841 2366 882 ep.is,
2380 850 2420 875 ac

824 896 948 927 archid.
971 896 1010 926 de
1027 904 1054 926 S.
1073 895 1244 926 Antonino
1261 895 1295 926 in
1313 894 1393 926 eccl.
1413 893 1600 926 Ruthenen.
1619 893 1671 931 (A.
1689 894 1738 930 10,
1763 892 1787 923 f.
1807 893 1864 924 185
1879 891 1912 929 1’;
1936 892 1973 923 V.
1988 893 2040 929 68,
2058 901 2111 934 ep.
2129 894 2234 933 1853.)

867 946 976 978 7635.
994 967 1031 971 -
1050 948 1134 988 Epo
1157 947 1310 978 Parisien.
1341 948 1453 978 mand.
1478 949 1513 978 ut
1537 946 1717 986 privilegia
1738 945 1974 977 universitatis
2000 946 2242 987 magistrorum
2257 949 2290 980 et
2311 947 2418 980 scol·-

822 1002 910 1033 rium
927 1002 1093 1033 Parisien.
1112 1002 1213 1033 faciat
1228 1010 1288 1041 per
1304 1009 1385 1032 suos
1408 999 1589 1031 officialem
1607 1001 1640 1030 et
1654 998 1822 1030 ballivum
1838 998 2083 1032 inviolabiliter
2097 999 2285 1033 observari.
2299 1001 2351 1039 (A.
2369 1002 2418 1039 10,

821 1055 844 1086 f.
869 1057 926 1086 124
943 1054 977 1091 ¹³3
1004 1054 1035 1085 V.
1054 1055 1104 1090 68,
1119 1064 1171 1094 ep.
1192 1054 1296 1094 1862.)

866 1105 975 1137 7636.
994 1125 1031 1131 -
1046 1107 1196 1148 Dionysio
1213 1111 1286 1138 nato
1315 1107 1470 1137 Ambrosii
1492 1106 1527 1136 de
1547 1105 1691 1143 Habiate,
1709 1105 1970 1137 ambasciatoris
1985 1106 2176 1138 communis
2191 1105 2416 1140 Mediolanen.

821 1161 978 1201 supplic.‚
1003 1170 1098 1201 prov.
1115 1169 1233 1192 canon.
1251 1160 1332 1191 eccl.
1349 1169 1377 1190 s.
1394 1159 1524 1191 Fidelis
1549 1159 1691 1190 Cuman.
1716 1158 1780 1189 sub
1799 1167 1897 1198 exsp.
1912 1158 2016 1199 praeb.
2034 1177 2073 1182 —
2086 1159 2114 1191 Ι.
2138 1168 2167 1191 e.
2187 1169 2233 1192 m.
2250 1159 2326 1193 abb.
2345 1169 2415 1194 mo-

820 1217 906 1246 nast.
935 1224 961 1246 s.
980 1213 1193 1254 Simpliciani
1217 1214 1455 1248 Mediolanen„
1479 1214 1512 1244 et
1538 1220 1640 1252 praep.
1670 1211 1752 1243 eccl.
1768 1212 1809 1243 de
1835 1212 2036 1250 Pontirollo,
2063 1212 2291 1245 Mediolanen.
2309 1213 2370 1251 di.,
2385 1216 2419 1248 et

819 1269 949 1299 Franco
966 1268 1005 1299 de
1018 1267 1160 1299 Medicis
1180 1276 1253 1298 can.
1272 1266 1498 1298 Mediolanen.
1517 1266 1569 1304 (A.
1586 1266 1636 1301 10,
1651 1264 1674 1296 f.
1694 1267 1752 1297 155
1770 1264 1806 1302 1‘;
1835 1264 1872 1297 V.
1886 1266 1938 1304 68,
1955 1273 2008 1305 ep.
2024 1267 2131 1305 1934.)
2404 1302 2406 1304 q

865 1319 972 1350 7637.
994 1337 1032 1343 —-
1049 1319 1276 1351 Archambaldo
1292 1319 1329 1350 de
1341 1319 1531 1359 Petrayoris,
1550 1317 1626 1349 abb.
1643 1318 1758 1351 saecul.
1777 1318 1859 1350 eccl.
1877 1326 1906 1350 s.
1923 1318 2065 1355 Asterii,
2079 1319 2333 1360 Petragoricen.
2354 1320 2415 1360 di.,

819 1375 885 1406 ΡΡ.
902 1383 988 1414 cap„
1009 1383 1100 1405 conc.
1119 1375 1168 1410 ut,
1187 1373 1366 1405 dioecesani
1392 1372 1530 1404 licentia
1545 1372 1686 1403 minime
1707 1372 1885 1412 requisita,
1911 1372 2166 1412 possessionem
2187 1373 2418 1413 apprehendat

818 1427 1063 1468 parochialium
1088 1427 1168 1458 eccl.
1187 1436 1215 1458 s.
1232 1427 1398 1466 Aquilini,
1418 1435 1476 1465 per
1501 1425 1583 1456 obit.
1603 1434 1656 1465 ap.
1674 1425 1708 1456 S.
1731 1425 1771 1456 A.
1791 1425 1974 1456 Raimundi
1999 1426 2136 1466 Rigaldi
2160 1435 2245 1464 vac.,
2265 1428 2299 1458 et
2315 1426 2356 1460 B.
2370 1427 2415 1459 M.

819 1481 859 1512 de
873 1481 1042 1519 Parduno,
1055 1480 1304 1520 Petregoricen.
1322 1480 1381 1515 di.,
1399 1479 1439 1510 ad
1459 1479 1755 1518 praesentationem
1776 1478 1889 1518 ipsius
1911 1478 1987 1510 abb.
2003 1481 2037 1511 et
2051 1479 2153 1519 capit.
2174 1479 2283 1520 eJusd.
2300 1479 2416 1512 saecul.

818 1534 898 1565 eccl.
916 1534 1052 1574 pertin„
1077 1543 1220 1573 quarum
1236 1532 1417 1572 cujuslibet
1433 1532 1562 1563 fructus
1579 1532 1655 1563 601.
1672 1533 1697 1563 t.
1715 1541 1781 1563 non
1797 1532 1965 1563 excedunt
1979 1534 2012 1564 et
2025 1541 2111 1573 quas
2125 1533 2193 1564 ΡΡ.
2208 1541 2336 1566 mensae
2353 1542 2416 1566 seu

818 1587 961 1618 ahbatiae
983 1587 1150 1626 praedictae
1174 1587 1286 1618 saecul.
1308 1586 1388 1617 eccl.
1403 1586 1535 1624 pridem
1550 1586 1674 1622 univit,
1689 1585 1723 1616 in
1739 1585 2089 1625 recompensationem
2104 1586 2284 1618 archidiac.
2302 1587 2345 1618 de
2357 1585 2416 1620 Sa-

817 1640 917 1680 bleyo
932 1641 966 1671 in
980 1640 1059 1671 eccl.
1076 1641 1302 1671 cenomanen.
1326 1639 1463 1669 dimissi
1478 1638 1520 1669 ab
1537 1638 1785 1669 Archambaldo
1803 1638 1945 1678 praefato
1958 1639 2057 1679 juxta
2070 1639 2206 1671 constit.
2224 1647 2327 1680 super
2338 1639 2418 1680 plu-

790 1683 793 1744 (
818 1694 880 1725 rai.
896 1693 1006 1725 henes.
1027 1694 1078 1731 (A.
1097 1694 1145 1727 ιο,
1164 1693 1186 1723 f.
1210 1694 1269 1723 245
1285 1692 1318 1728 ι»;
1342 1692 1378 1723 V.
1391 1693 1443 1728 67,
1460 1700 1512 1732 ep.
1529 1693 1633 1731 2023.)

863 1744 971 1775 7638.
992 1765 1029 1769 -
1046 1746 1135 1787 Huqo
1152 1746 1189 1777 de
1208 1745 1387 1782 Villaribus,
1402 1745 1510 1776 adhuc
1522 1746 1557 1776 in
1573 1745 1673 1776 annis
1689 1745 1880 1785 puerilibus
1893 1746 2112 1784 constitutus,
2129 1746 2171 1778 de
2195 1746 2339 1779 consilio
2357 1755 2412 1779 eu·
2463 1772 2471 1774 -

814 1801 949 1839 jusdam
969 1800 1140 1840 garzionis
1157 1800 1211 1830 sui
1226 1808 1285 1839 per
1301 1799 1482 1839 quemdam
1499 1798 1773 1830 barbitonsorem
1788 1799 1863 1830 fieri
1878 1798 1945 1830 sibi
1967 1799 2115 1838 primam
2129 1801 2307 1832 tonsuram
2321 1799 2413 1839 fecit,

816 1854 910 1884 nulla
926 1853 1158 1884 benedictione
1175 1853 1243 1892 ep.i
1266 1853 1473 1892 praecedente
1486 1862 1495 1890 ;
1518 1854 1637 1892 postea
1653 1852 1824 1889 Isabellis‚
1850 1852 1966 1892 regina
1981 1853 2125 1893 AngHae,
2144 1853 2286 1884 credens
2299 1853 2414 1894 ipsum

816 1907 879 1938 rite
895 1907 1001 1938 fuisse
1019 1907 1054 1937 in
1072 1906 1231 1937 clericum
1248 1908 1463 1937 tonsuratum
1481 1914 1600 1937 canon.
1617 1907 1650 1936 et
1663 1905 1767 1945 praeb.
1787 1905 1868 1937 eccl.
1888 1906 1928 1936 de
1944 1906 2195 1938 Wesmondera
2210 1906 2411 1944 Eboraoen„

815 1962 847 1990 et
863 1960 982 1991 deinde
1008 1969 1126 1991 canon.
1143 1961 1175 1990 et
1190 1959 1292 1998 praeb.
1308 1959 1389 1990 eccl.
1410 1958 1659 1996 Abbatisvillae‚
1677 1958 1879 1990 Ambianen.
1896 1959 1956 1994 di.,
1973 1959 2015 1990 ad
2031 1959 2140 1999 ejusd.
2157 1959 2282 2000 reginoe
2298 1959 2411 1992 collat.

814 2013 948 2053 pertin„
966 2015 998 2044 et
1015 2014 1150 2043 demum
1171 2013 1360 2043 clericalem
1382 2014 1558 2043 tonsuram
1577 2012 1618 2043 ab
1635 2021 1712 2052 ep.o
1732 2012 1879 2043 conferri
1901 2012 1980 2044 fecit
2000 2012 2066 2044 eid.
2084 2013 2183 2045 Nunc
2201 2013 2412 2051 autemPP..
2460 2024 2463 2026 ·

814 2067 942 2097 consid.
962 2067 1058 2097 dictae
1077 2066 1211 2106 regium,
1230 2067 1326 2106 quus
1348 2066 1427 2097 cler.
1448 2067 1480 2097 et
1497 2066 1604 2096 famil.
1623 2066 1735 2097 dictus
1752 2066 1850 2106 Hugo
1871 2066 2001 2103 existit,
2017 2066 2149 2098 fructus
2171 2065 2321 2098 indebite
2340 2074 2414 2107 per·

814 2122 927 2159 ceptos
957 2119 1109 2155 remittit,
1140 2120 1253 2158 ipsum
1285 2128 1388 2158 super
1419 2119 1553 2150 defectu
1582 2119 1694 2150 aetatis
1719 2119 1960 2159 dispensando.
1987 2119 2042 2159 (A.
2069 2121 2101 2156 9,
2125 2119 2149 2150 f.
2171 2121 2230 2151 283
2243 2125 2278 2158 ·;
2310 2119 2343 2151 V.
2358 2121 2411 2157 68,

813 2181 865 2212 ep.
884 2174 989 2212 2041.)

858 2224 966 2254 7639.
987 2244 1025 2248 -
1045 2225 1205 2256 Guillelmo
1222 2226 1258 2256 de
1274 2226 1474 2265 Bivoforcato
1489 2226 1577 2257 conf.
1594 2225 1729 2265 paroch.
1749 2226 1829 2257 eccl.
1845 2226 1886 2257 de
1901 2226 2027 2261 Vardo,
2044 2226 2218 2266 Agennen.
2234 2226 2295 2262 di.,
2307 2234 2411 2266 quam

813 2279 935 2310 Petrus
958 2280 999 2310 de
1018 2279 1203 2310 Savinhaco
1223 2279 1321 2319 juxta
1338 2280 1473 2310 constit.
1495 2288 1597 2319 super
1623 2279 1746 2319 plural.
1766 2279 1876 2311 benef.
1895 2279 2027 2310 dimisit
2042 2289 2051 2315 3
2065 2287 2133 2310 non
2148 2279 2236 2311 obst.
2254 2279 2345 2320 quod
2358 2287 2412 2312 ca·

813 2341 889 2363 non.
916 2335 949 2364 et
972 2332 1072 2372 praeb.
1090 2333 1171 2363 eccl.
1190 2333 1343 2363 Toletan.
1359 2332 1522 2369 obtineat,
1539 2335 1571 2364 et
1585 2333 1625 2364 de
1642 2333 1823 2364 archidiac.
1843 2332 1969 2372 majore
1984 2342 2022 2363 ac
2036 2333 2282 2372 praestimoniis
2298 2333 2408 2374 ejusd.

812 2386 978 2423 Toletan,
996 2395 1033 2416 ac
1048 2395 1165 2417 canon.
1183 2388 1214 2416 et
1230 2386 1336 2425 praeb.
1354 2395 1381 2416 s.
1402 2386 1557 2426 Caprasii
1577 2388 1751 2426 Agennen.
1770 2386 1850 2418 eccl.
1869 2386 1989 2425 litiget.
2007 2395 2060 2426 ap.
2079 2386 2115 2418 S.
2130 2386 2192 2423 A.;
2209 2386 2336 2418 dictam
2351 2394 2410 2418 au-

810 2440 880 2470 tem
905 2439 1038 2479 paroch.
1057 2439 1152 2475 eccl,
1172 2440 1201 2469 si
1224 2439 1403 2470 archidiac.
1430 2442 1462 2470 et
1486 2439 1719 2480 praestimonia
1738 2439 1898 2479 praedicta
1917 2439 1984 2479 ipsi
2006 2439 2194 2479 adjudicari
2216 2439 2408 2480 contigerit,

810 2492 935 2523 dimitt.
964 2492 1146 2523 tenebitur.
1163 2509 1201 2514 -
1219 2492 1245 2523 1.
1264 2501 1292 2523 e.
1311 2502 1356 2523 m.
1383 2493 1510 2524 decano
1529 2493 1724 2524 Castrinovi
1741 2493 1782 2523 de
1812 2493 1926 2530 Arrio,
1952 2501 1979 2523 s.
1997 2492 2120 2532 Papuli
2146 2492 2206 2530 di.,
2222 2492 2255 2524 et
2279 2491 2407 2524 archid.

808 2545 1028 2580 Montalden.‚
1047 2554 1084 2576 ac
1099 2546 1248 2576 sacristae
1266 2547 1440 2585 Agennen.
1462 2546 1541 2577 eccl.
1559 2546 1611 2586 (Α.
1631 2547 1680 2582 10,
1703 2546 1728 2577 f.
1748 2547 1808 2578 275
1824 2545 1861 2582 ¹³5
1884 2545 1916 2576 V.
1931 2547 1984 2581 68,
2001 2554 2053 2585 ep.
2070 2547 2176 2584 2177.)

854 2595 963 2627 7640.
982 2617 1019 2622 -
1036 2598 1176 2629 Paroch.
1194 2599 1273 2629 eccl.
1291 2599 1332 2629 de
1350 2599 1536 2636 Tmnhaco,
1551 2599 1766 2631 Lemovicen.
1783 2599 1846 2635 'di.,
1863 2607 1924 2639 per
1936 2599 2174 2630 dimissionem
2183 2598 2294 2630 Yterii
2306 2598 2408 2631 Blan-

808 2651 866 2691 qui
880 2652 980 2692 juxta
1003 2652 1279 2683 constitutionem
1303 2661 1405 2692 super
1426 2653 1549 2692 plural.
1565 2653 1677 2684 benef.
1696 2661 1749 2693 ap.
1764 2653 1798 2684 S.
1816 2653 1859 2684 A.
1876 2660 1963 2688 vac„
1981 2651 2068 2684 conf.
2085 2661 2167 2692 may.
2187 2651 2347 2693 Stephano
2367 2651 2406 2684 ae

805 2704 900 2742 Pina,
926 2705 1048 2736 rectori
1065 2705 1144 2736 eccl.
1165 2714 1192 2735 s.
1208 2705 1369 2736 Germani
1392 2706 1432 2737 de
1459 2706 1691 2741 Lasuertihas‚
1709 2706 1807 2738 dictae
1822 2705 1868 2738 di.
1889 2722 1929 2728 —
1942 2705 1969 2736 Ι.
1986 2714 2016 2737 e.
2033 2714 2079 2737 m.
2095 2705 2136 2737 de
2155 2705 2358 2737 Malamorto
2371 2706 2406 2737 et

806 2759 847 2789 de
873 2759 1049 2798 Maymaco
1067 2759 1282 2790 Lemovicen.
1303 2758 1477 2797 archid.is,
1494 2769 1531 2791 ac
1554 2760 1726 2791 Bernardo
1741 2759 1791 2791 La
1811 2759 1996 2796 Quintania
2018 2767 2091 2790 can.
2113 2758 2300 2790 Pictavien.
2322 2758 2404 2791 eccl.

806 2812 858 2852 (A.
878 2812 926 2847 10,
946 2811 968 2842 f.
986 2813 1047 2843 400
1063 2817 1093 2849 ³;
1117 2811 1154 2842 V.
1169 2813 1220 2847 68,
1235 2820 1286 2850 ep.
1306 2813 1410 2850 2263.)

850 2861 959 2893 7641.
979 2883 1016 2888 -
1037 2865 1158 2896 Collat.
1183 2865 1362 2896 archidiac.
1378 2866 1511 2896 Dunen.
1529 2867 1562 2897 et
1583 2874 1701 2897 canon.
1721 2874 1759 2897 ac
1778 2864 1882 2905 praeb.
1898 2865 1979 2896 eccl.
2001 2866 2180 2896 carnoten.
2197 2863 2404 2896 Galhardode

805 2917 1009 2955 Cardallzaco,
1024 2920 1101 2958 post
1130 2918 1417 2949 consecrationem
1434 2919 1672 2950 Bartholomaei
1689 2919 1757 2958 ep.i
1770 2918 1978 2958 Forojulien.
1998 2918 2097 2955 facta,
2116 2917 2230 2949 valere
2249 2917 2402 2949 decerni-

803 2973 870 3008 tur,
891 2980 957 3002 non
975 2970 1062 3002 obst.
1081 2971 1171 3011 quod
1188 2971 1223 3001 in
1247 2971 1372 3002 litteris
1396 2981 1498 3010 super
1520 2972 1581 3003 hoc
1607 2972 1771 3003 confectis
1792 2972 1833 3002 de
1847 2971 1956 3012 gratia
1979 2979 2075 3011 exsp.
2092 2970 2204 3002 benef.
2222 2971 2266 3002 ad
2287 2970 2400 3002 collat.

803 3025 871 3064 ep.i
889 3025 1065 3056 Caturcen.
1083 3024 1206 3064 pertin.
1222 3024 1317 3055 nulla
1331 3024 1418 3056 facta
1441 3025 1544 3056 suerit
1560 3026 1699 3057 mentio.
1717 3025 1771 3065 (A.
1789 3026 1838 3062 10,
1855 3025 1879 3056 f.
1896 3025 1958 3056 402
1971 3023 2002 3062 ¹³5
2023 3023 2055 3054 V.
2071 3025 2123 3062 68,
2140 3032 2193 3064 ep.
2211 3023 2320 3064 2267.)
