2592 3562
12 2483 50 3067 Wwarmawrt-wmffl
3 1915 11 1926 ²
9 1486 43 1504 ᾖ
44 1353 45 1357 Α
4 1080 15 1212 “
1 791 11 908 ’Ὢ
10 727 12 738 ’·
12 690 18 699 ’·
12 528 18 532 ·
23 350 26 355 .

271 371 375 398 Datum
393 365 578 399 Avenione.

303 734 343 762 2⁴
353 735 421 769 jun.
444 735 533 764 1318.

305 779 379 819 (vm
389 780 448 807 kal.
466 780 533 816 jul.)

378 894 414 922 Ut
433 902 457 922 s.

293 1110 334 1138 26
352 1111 421 1145 jun.
447 1111 534 1140 1318.

315 1157 356 1189 (νι
373 1155 433 1183 kal.
446 1155 514 1192 jul.)

230 1394 234 1397 -
296 1376 337 1403 27
350 1376 420 1411 jun.
439 1377 528 1406 1318.

319 1422 349 1455 (ν
363 1420 422 1449 kal.
437 1421 504 1458 jul.)

291 1641 332 1668 28
345 1642 412 1676 jun.
437 1642 526 1672 1318.

307 1689 350 1722 (lv
369 1687 429 1715 kal.
443 1687 512 1724 jul.)

285 1991 324 2042 30
339 2014 407 2049 jun.
433 2015 521 2046 1318.

309 2061 343 2093 (11
362 2059 421 2087 kal.
437 2060 503 2096 jul.)

361 2281 398 2309 Ut
414 2290 439 2309 s.

360 2603 397 2631 Ut
414 2612 450 2634 s..

353 2816 390 2844 Ut
408 2825 432 2845 s.

657 279 831 311 JOANNIS
855 279 974 309 PAPAE
995 278 1097 308 xxu.
1122 278 1370 318 (1316-1334).
1394 296 1432 301 -
1456 277 1642 308 LITTERAE
1666 278 1716 308 DE
1739 278 1859 309 CURIA
2207 284 2263 313 261

666 477 748 508 pore
765 468 895 499 ultimae
909 468 1071 499 novitatis
1093 467 1215 499 habitae
1231 467 1265 498 in
1289 467 1379 498 dicta
1401 467 1492 498 civit.
1511 475 1571 506 per
1591 467 1756 498 officiales
1781 468 1822 499 R.
1841 468 1881 499 E.
1894 469 2107 508 tenebantur,
2126 473 2264 504 Atreba-

665 524 733 553 ten.
752 523 785 552 et
809 522 996 553 Bononien.
1024 521 1122 560 ep-is,
1141 530 1178 551 ac
1205 529 1293 561 mag.
1308 520 1491 560 Aymerico
1509 520 1548 551 de
1571 520 1774 551 Castrolucii
1801 521 1841 551 A.
1861 522 1895 553 S.
1920 523 2050 553 nuntiis
2081 524 2170 555 infra
2195 527 2266 557 tres

665 583 802 606 menses
819 575 1011 606 restituant.
1031 575 1158 605 Parens
1175 574 1215 605 de
1233 573 1470 610 Scornazanis,
1486 573 1527 604 de
1544 573 1648 610 PisiS,
1668 573 1780 610 miles
1801 577 1999 613 procurator
2016 583 2146 613 eorum,
2165 586 2266 617 expo-

664 628 734 659 suit
757 628 912 659 Pontifici
935 628 1024 668 quod
1048 628 1115 667 ipsi
1139 627 1180 658 ad
1203 627 1455 659 restitutionem
1476 626 1671 666 hujusmodi
1689 629 1768 658 sunt
1784 628 1906 667 parati.
1927 628 1978 668 (A.
1998 631 2046 666 11,
2065 629 2087 659 f.
2104 631 2164 661 488
2181 636 2214 666 ³3
2232 633 2264 662 et

662 683 722 713 537
740 681 774 717 ὓς
795 681 832 712 V.
847 684 897 715 69,
913 690 965 721 ep.
985 683 1042 712 123
1055 682 1082 712 Β
1100 680 1138 711 de
1153 681 1259 716 curia3
1275 680 1406 715 Biezler,
1422 689 1454 711 n.
1478 682 1561 718 111.)

707 732 819 763 8217.
839 752 877 756 -
898 734 1057 764 Praedictis
1083 734 1204 764 nunciis
1228 734 1340 764 mand.
1361 724 1409 764 vut
1425 733 1552 772 palatia
1568 742 1642 773 quae
1672 733 1809 764 fuerunt
1836 734 2008 773 quondam
2029 736 2264 768 marchionum

661 788 791 825 Esten.,
822 788 980 827 potestati
996 787 1201 822 Ferrarien.,
1219 788 1400 826 postquam
1428 795 1488 825 per
1517 786 1624 817 dictos
1651 786 1865 817 marchiones
1887 787 2014 818 fuerint
2033 789 2203 825 restituta,
2223 791 2265 821 ad

662 841 697 873 S.
717 841 756 872 Α.
776 841 1027 880 beneplacitum
1049 840 1270 871 inhabitanda
1294 839 1487 870 concedant.
1510 840 1562 877 (A.
1583 840 1630 875 10,
1650 839 1672 870 f.
1689 841 1749 871 514
1763 839 1797 876 ¹³3
1819 840 1855 870 V.
1872 841 1923 876 67,
1940 849 1993 880 ep.
2007 842 2066 872 203
2080 841 2107 872 Β
2122 841 2158 872 de
2185 845 2265 880 cur.)

705 891 816 923 8218.
838 913 874 917 —
893 894 1075 924 Atrebacen.
1095 898 1124 924 et
1142 893 1312 923 Bononien.
1332 893 1411 933 ep.i.s·
1435 903 1470 922 ac
1485 893 1650 933 Aymcrico
1664 892 1700 923 de
1717 892 1909 936 Castrolucii'
1920 894 2039 924 archid.
2059 894 2088 924 T
2086 897 2263 936 ransviqen-

660 957 729 977 nen.
748 948 782 977 in
795 946 867 978 eccl.
887 947 1038 978 Turonen.
1055 947 1095 977 A.
1113 946 1149 977 S.
1165 947 1281 976 nuntiis
1303 946 1417 977 mand.
1438 948 1475 977 ut
1493 946 1582 978 dicta
1608 946 1746 985 palatia.
1764 949 1945 986 postquam
1969 956 2029 987 per
2051 948 2160 979 dictos
2176 957 2266 980 mar-

660 1001 799 1032 chiones
819 1001 978 1032 restituta
1007 1000 1146 1035 fuerint,
1175 999 1336 1039 potestati
1365 1000 1572 1037 Ferrarien.,
1591 1001 1628 1030 ut
1652 999 1688 1030 in
1716 1000 1766 1030 eis
1796 1000 2009 1031 commodius
2027 1009 2127 1032 suum
2152 1002 2264 1034 valeat

659 1054 810 1085 officium
829 1062 997 1090 exercere,
1016 1053 1210 1085 concedant.
1228 1053 1280 1093 (A.
1301 1055 1349 1089 11,
1370 1053 1393 1084 f.
1411 1054 1471 1084 510
1488 1052 1529 1095 ἓ.)

703 1105 814 1136 8219.
840 1125 876 1130 —-
892 1107 1055 1138 Praedictis
1075 1107 1190 1137 nuntiis
1207 1106 1321 1138 mand.
1340 1108 1377 1137 ut
1399 1106 1466 1137 sibi
1486 1106 1667 1137 restituere
1683 1106 1809 1137 faciant
1826 1115 1948 1147 magna
1970 1108 2096 1147 palatia
2117 1109 2151 1139 in
2168 1109 2263 1141 civit.

659 1161 851 1200 Ferrarien.
870 1161 914 1191 ad
932 1161 966 1192 S.
986 1162 1026 1192 A.
1050 1160 1243 1200 pertinente
1259 1160 1336 1197 sita,
1356 1169 1431 1199 quae
1446 1168 1478 1190 n.
1497 1169 1528 1188 v.
1547 1159 1748 1195 Rainaldus,
1768 1161 1840 1191 Azo
1863 1162 1896 1191 et
1917 1160 2023 1200 Opizo
2050 1162 2263 1193 marchiones

657 1215 773 1246 Esten.
795 1214 986 1245 inhabitare
1003 1214 1173 1250 dicuntur,
1187 1222 1329 1253 quaeque
1342 1215 1495 1252 tempore
1506 1213 1636 1244 ultimae
1651 1213 1814 1244 novitatis
1829 1214 1952 1245 habitae
1971 1214 2006 1245 in
2023 1215 2160 1246 civitate
2175 1225 2263 1255 prae-

657 1268 747 1299 dicta
765 1276 825 1307 per
839 1268 1005 1299 officiales
1020 1268 1063 1299 R.
1083 1268 1122 1298 E.
1144 1266 1357 1298 tenebantur,
1376 1266 1430 1307 (A.
1451 1269 1499 1303 11,
1517 1266 1538 1297 f.
1559 1268 1618 1298 488
1634 1272 1648 1287 ²
1664 1267 1697 1297 et
1712 1268 1771 1298 537
1791 1272 1804 1288 ³
1819 1276 1826 1302 ;
1851 1267 1886 1298 V.
1897 1267 1949 1303 69,
1965 1276 2017 1308 ep.
2030 1269 2089 1299 122
2103 1268 2140 1299 de
2155 1270 2241 1299 curia
2249 1279 2260 1306 3

656 1321 786 1357 Biezler,
803 1330 836 1351 n.
858 1322 941 1358 112.)

700 1372 812 1403 8220.
828 1391 867 1396 -
883 1374 919 1404 S.
936 1373 1095 1414 Genovefae
1111 1374 1263 1404 Parisien.
1290 1378 1318 1404 et
1342 1383 1366 1403 s.
1382 1372 1527 1404 Germani
1552 1373 1589 1403 de
1615 1373 1722 1403 Pratis
1746 1374 1837 1413 juoeta
1864 1374 2004 1404 Par-isius
2028 1380 2157 1406 monast.
2188 1375 2256 1406 abb.

655 1428 769 1458 mand.
789 1429 826 1459 ut
843 1428 932 1458 infra
947 1437 1018 1458 xxx
1034 1428 1108 1459 dies
1127 1436 1215 1467 mag.
1233 1428 1400 1459 Joannem
1417 1427 1457 1458 de
1476 1427 1639 1463 Polliaco,
1660 1427 1816 1457 Parisius
1831 1427 2003 1459 doctorem
2018 1428 2054 1458 in
2071 1428 2261 1470 theologica

655 1481 827 1518 facultate,
845 1481 903 1521 qui
919 1481 952 1512 in
965 1481 1108 1512 concilio
1129 1481 1267 1512 Remen.
1285 1481 1326 1511 ad
1339 1481 1611 1511 inconvenientia
1627 1480 1731 1511 verba
1746 1483 1863 1511 contra
1873 1480 2044 1513 fratresO.
2060 1482 2098 1512 P.
2116 1483 2149 1513 et
2161 1483 2199 1514 Ο.
2212 1483 2257 1515 M.

653 1535 836 1574 prolapsus
862 1538 945 1572 erat,
963 1535 1077 1566 citent.
1097 1535 1148 1572 (A.
1166 1535 1215 1571 10,
1232 1534 1255 1565 f.
1271 1536 1331 1565 457
1354 1539 1386 1570 ³3
1411 1534 1446 1565 V.
1463 1535 1514 1571 67,
1543 1542 1595 1573 ep.
1613 1536 1651 1565 76
1668 1534 1703 1564 de
1718 1544 1782 1565 cur.
1797 1544 1804 1570 ;
1830 1533 1958 1571 Coulon,
1978 1543 2010 1565 n.
2027 1537 2106 1573 6373
2135 1536 2257 1575 Eubel,

655 1588 827 1618 Bullarium
850 1588 1018 1625 Francisc.,
1036 1590 1061 1619 t.
1085 1589 1126 1624 V,
1145 1597 1177 1627 p.
1193 1589 1262 1624 153,
1279 1597 1312 1618 n.
1331 1589 1390 1619 327
1408 1588 1446 1627 ³.)

697 1639 808 1670 8221.
824 1660 862 1664 -
879 1641 965 1682 Epo
981 1640 1199 1682 Pampilonen.
1217 1641 1330 1672 mand.
1354 1643 1391 1671 ut
1408 1641 1488 1671 citet
1504 1640 1692 1671 Arnaldum
1713 1641 1752 1671 de
1769 1641 1933 1671 Farcalda
1949 1641 2041 1673 villae
2058 1642 2098 1673 de
2115 1642 2254 1678 Ribera‚

653 1697 783 1734 Aquen.
810 1695 870 1732 di.‚
889 1695 1048 1734 archipr,
1078 1698 1110 1726 et
1129 1694 1204 1725 abb.
1226 1703 1262 1725 ac
1279 1697 1445 1725 rectorem
1462 1696 1670 1734 eoeterosque
1686 1694 1939 1733 praebendarios
1955 1695 2035 1726 eccl.
2060 1703 2087 1726 s.
2106 1696 2198 1726 Petri
2215 1697 2256 1727 de

651 1748 774 1784 Viam,
798 1748 1029 1788 Calaguritan.
1052 1748 1112 1784 di.‚
1130 1748 1188 1788 qui
1216 1756 1282 1778 non
1301 1747 1412 1778 solum
1435 1756 1605 1787 expensas
1619 1747 1831 1778 necessarias
1845 1747 2038 1779 Raimundo
2055 1748 2095 1779 de
2108 1748 2255 1780 Galardo

649 1801 718 1832 ΡΡ.
736 1802 899 1832 servienti
919 1803 951 1832 et
968 1801 1074 1832 famil.
1101 1801 1142 1832 ad
1159 1801 1252 1832 civit.
1269 1801 1491 1832 Salamantin.
1509 1809 1569 1840 pro
1587 1801 1627 1832 E.
1646 1801 1686 1832 R.
1705 1801 1851 1840 negotiis
1864 1801 2033 1832 destinato
2058 1802 2254 1833 ministrare

650 1857 845 1892 renuerant,
864 1855 924 1886 sed
943 1855 1046 1886 etiam
1063 1855 1196 1886 litteras
1213 1854 1286 1894 ejus
1303 1854 1451 1885 bullatas
1466 1854 1507 1885 de
1522 1854 1681 1885 manibus
1697 1855 1808 1893 ipsius
1819 1854 1986 1885 violenter
2000 1856 2254 1894 extorquentes,

649 1910 682 1939 et
698 1917 758 1948 per
773 1918 835 1939 x111
853 1909 926 1939 dies
939 1910 971 1940 et
988 1908 1078 1939 ultra
1101 1910 1267 1944 tenentes,
1285 1916 1342 1938 eas
1364 1909 1439 1947 post
1464 1915 1636 1938 recessum
1655 1908 1766 1946 ipsius
1783 1908 1825 1939 R.
1844 1908 1885 1938 ad
1895 1910 1933 1939 14
1953 1908 2067 1939 leucas
2080 1909 2254 1948 disruptas

647 1963 920 1994 transmiserant.
940 1962 992 2001 (A.
1016 1963 1064 1998 10,
1082 1961 1104 1992 f.
1120 1963 1181 1993 448
1194 1961 1231 1998 ι’;
1256 1960 1290 1991 V.
1306 1963 1358 1996 67,
1377 1970 1429 2000 ep.
1446 1962 1486 1992 65
1499 1962 1526 1992 B
1539 1960 1576 1991 de
1591 1961 1669 2001 cur.)

692 2013 803 2044 8222.
821 2034 858 2038 -
883 2016 1002 2046 Amelio
1027 2015 1140 2046 rectori
1160 2015 1306 2045 Marclziae
1322 2015 1511 2045 Anconitan.
1536 2015 1650 2045 mand.
1669 2016 1704 2045 ut
1719 2015 1798 2046 2200
1813 2015 1888 2046 flor.
1905 2015 1979 2046 auri
1995 2024 2056 2054 per
2075 2025 2253 2048 commune

647 2069 748 2107 OEsii,
765 2070 825 2100 200
840 2069 881 2100 ab
900 2069 1101 2100 Anconitan.
1119 2070 1152 2099 et
1167 2069 1308 2099 totidem
1326 2077 1344 2099 a
1362 2068 1581 2099 pensaurien.
1600 2068 1902 2099 communitatibus
1924 2077 1984 2107 pro
2001 2068 2214 2101 absolutione
2232 2078 2251 2101 a

645 2123 821 2154 nonnullis
838 2123 1038 2154 excessibus
1054 2122 1176 2153 rectori
1191 2121 1349 2153 Marchiae
1362 2121 1563 2153 Anconitan.
1580 2121 1771 2161 promissos
1790 2123 1822 2152 et
1839 2131 1904 2152 non
1922 2122 2053 2153 solutos
2069 2122 2252 2163 Aymerico

645 2176 686 2207 de
714 2176 884 2216 Gregollo‚
904 2177 939 2207 in
968 2176 1117 2207 Marchia
1150 2175 1353 2206 Anconitan.
1390 2175 1614 2211 thesaurario,
1646 2175 1747 2206 faciat
1776 2175 1906 2215 integre
1934 2176 2096 2215 persolvi.
2125 2177 2179 2217 (A.
2199 2178 2248 2214 10,

644 2229 669 2260 f.
690 2231 752 2261 462
766 2234 799 2266 ³5
826 2229 859 2259 V.
878 2231 929 2266 67,
950 2238 1002 2269 ep.
1021 2230 1061 2261 90
1077 2229 1113 2260 de
1128 2231 1207 2267 cur.)

688 2279 798 2311 8223.
813 2301 849 2306 -—
873 2283 985 2314 Mand.
1015 2282 1147 2313 Falconi
1175 2281 1293 2314 archid.
1324 2281 1601 2312 Transmeduanen.
1622 2282 1654 2312 in
1678 2282 1751 2313 eccl.
1769 2281 1970 2322 Andeqaven.
1986 2284 2022 2314 ut
2047 2292 2247 2322 processum

642 2344 702 2375 per
719 2336 833 2376 ipsum
848 2336 888 2368 de
910 2336 1069 2367 mandato
1089 2336 1276 2367 Clementis
1292 2336 1359 2366 ΡΡ.
1376 2336 1406 2367 V
1423 2335 1626 2366 fabricatum
1642 2337 1758 2366 contra
1782 2335 1960 2371 Gerinum,
1978 2338 2150 2367 cantorem
2165 2337 2246 2367 eccl.

642 2389 882 2425 Cenomanen.,
901 2389 959 2429 qui
974 2389 1141 2421 decimam
1158 2389 1354 2420 reddituum
1371 2389 1594 2420 ecclesiarum
1606 2388 1698 2420 civit.
1716 2390 1749 2420 et
1766 2389 1810 2420 di.
1823 2389 2051 2421 Cenomanen.
2068 2398 2128 2429 per
2146 2390 2247 2421 Boni-

641 2443 767 2474 facium
790 2443 861 2474 ΡΡ.
879 2443 961 2475 VIII
985 2443 1184 2483 impositam
1203 2443 1239 2473 in
1264 2443 1344 2474 forti
1363 2444 1500 2473 moneta
1527 2441 1708 2482 collegerat
1730 2444 1762 2473 et
1778 2443 1813 2473 in
1835 2442 1940 2473 debili
1954 2444 2090 2474 moneta
2103 2451 2244 2474 camerae

642 2497 751 2536 apost.
767 2496 990 2536 persolverat,
1004 2498 1038 2528 et
1051 2497 1128 2528 idea
1141 2497 1352 2527 remanserat
1368 2496 1404 2526 in
1418 2497 1479 2528 900
1492 2495 1593 2526 libris
1610 2496 1721 2527 eidem
1737 2504 1879 2527 camerae
1902 2496 2086 2536 obligatus,
2103 2498 2246 2535 quanto-

640 2550 742 2581 citius
757 2550 799 2581 ad
815 2550 882 2581 ΡΡ.
901 2550 1072 2582 destinare
1088 2551 1257 2590 procuret.
1276 2550 1328 2587 (A.
1347 2551 1397 2587 10,
1415 2550 1438 2580 f.
1455 2551 1516 2582 462
1532 2549 1566 2586 1‘;
1589 2548 1622 2579 V.
1632 2551 1684 2586 67,
1694 2557 1747 2588 ep.
1759 2551 1795 2581 91
1808 2549 1844 2579 de
1859 2559 1923 2579 cur.
1938 2559 1946 2587 ;
1966 2548 2095 2586 Couton,
2111 2558 2144 2580 n.
2158 2550 2243 2587 638.)

684 2600 795 2632 8224.
812 2621 850 2626 -
865 2603 1049 2644 Raymundo
1057 2613 1159 2644 praep.
1173 2603 1245 2634 eccl.
1262 2602 1473 2644 Maqalonen„
1490 2602 1557 2632 ΡΡ.
1572 2612 1656 2644 cap„
1672 2603 1785 2634 mand.
1802 2611 1863 2642 pro
1879 2603 2054 2633 exactione
2069 2602 2152 2633 certi
2168 2611 2242 2633 cen-

639 2665 699 2688 sus
718 2657 756 2688 E.
775 2657 817 2689 R.
835 2665 897 2697 per
928 2657 1110 2688 nonnullos
1137 2657 1309 2696 praelatos,
1327 2658 1360 2688 et
1391 2657 1477 2688 alias
1507 2656 1653 2694 nobiles,
1680 2658 1712 2687 et
1740 2656 1915 2687 inferioris
1942 2657 2051 2687 status
2074 2663 2239 2695 personas

638 2719 767 2742 necnon
783 2710 1045 2741 communitates
1061 2710 1277 2742 diversorum
1290 2710 1443 2742 locorum
1464 2710 1626 2746 civitatis,
1644 2710 1689 2740 di.
1716 2711 1749 2740 et
1770 2709 1955 2750 provinciae
1974 2708 2168 2740 Narbonen.
2188 2709 2242 2740 de—

637 2763 711 2796 biti.
728 2764 780 2804 (A.
797 2765 846 2798 10,
864 2763 886 2794 f.
906 2765 965 2795 462
981 2763 1015 2799 b;
1041 2762 1073 2794 V.
1090 2765 1141 2799 67,
1159 2773 1211 2804 ep.
1229 2765 1269 2796 92
1284 2763 1321 2794 de
1338 2774 1403 2794 cur.
1416 2773 1431 2803 ‚·
1448 2763 1577 2800 Coulon,
1596 2772 1628 2794 n.
1645 2764 1733 2801 639.)

682 2814 792 2846 8225.
807 2835 846 2840 -
863 2817 985 2848 Hectori
1000 2817 1145 2848 Marchiae
1159 2817 1348 2849 Anconitan.
1366 2817 1480 2848 mand.
1497 2819 1534 2848 ut
1553 2825 1692 2847 censum
1710 2816 1869 2847 12006οΓ.
1885 2815 1959 2846 auri
1977 2815 2125 2855 singulis
2140 2815 2239 2847 annis

636 2871 788 2903 debitum
803 2879 864 2911 pro
879 2871 989 2910 pretio
1007 2872 1233 2910 proventuum
1249 2871 1355 2908 civit,
1367 2871 1548 2902 comitatus
1564 2871 1597 2900 et
1609 2869 1787 2900 districtus
1801 2868 1923 2900 Urbini
1938 2869 1980 2899 ad
1993 2868 2034 2900 R.
2048 2869 2085 2899 E.
2098 2869 2235 2908 pertin„

636 2934 669 2956 n.
687 2934 720 2956 v.
739 2925 918 2964 Sperantio
934 2924 973 2955 de
992 2924 1233 2956 Monteferetro
1258 2933 1317 2964 per
1342 2924 1467 2964 quond.
1486 2923 1728 2963 Raymundum
1743 2922 1880 2954 Attonis
1897 2922 1938 2953 de
1954 2922 2081 2961 Spello,
2099 2922 2238 2958 laicum,

634 2980 715 3010 tunc
743 2978 901 3009 Marchiae
929 2977 1129 3009 Anconitan.
1149 2978 1326 3013 rectorem,
1346 2978 1387 3008 ad
1414 2977 1545 3008 certum
1573 2977 1710 3016 tempus
1737 2975 1966 3012 venditorum,
1992 2975 2176 3015 Aymerico
2195 2976 2236 3007 de
