2592 3562
459 259 712 292 APPENDICES
735 258 792 289 AD
814 257 1036 289 SECUNDUM
1058 256 1206 288 ANNUM
1228 257 1423 288 BULLARII
1444 257 1617 288 JOANNIS
1639 258 1741 288 XXII.
1763 276 1803 282 —
1826 261 2060 298 (1316-1334)
2210 262 2270 291 275

678 451 805 490 quond.
822 450 1005 490 episcopat.
1033 449 1207 487 Tolosam,
1223 458 1325 489 quam
1349 449 1597 489 stipendiorum
1615 449 1874 487 commissariis,
1890 458 1950 489 pro
1970 450 2137 482 divisione
2158 451 2275 492 hujus-

678 503 772 535 modi
788 502 973 543 deputatis‚
989 503 1195 538 solutorum,-
1207 511 1336 534 necnon
1354 502 1559 542 pensionum
1580 502 1751 541 archiep.o
1767 502 1927 534 Tolosan.
1952 504 2092 543 ejusque
2114 505 2273 545 suffraga-

679 556 765 594 neis,
795 556 964 587 divisione
991 557 1169 595 pendente,
1187 564 1247 596 per
1262 555 1295 587 S.
1314 557 1355 587 A.
1370 556 1459 587 solvi
1485 555 1708 593 decretarum,
1738 555 2054 595 stipendiorumque
2076 557 2274 588 officialium

679 610 779 649 Papae
802 609 1069 640 deservientium
1085 609 1120 640 in
1138 609 1231 640 civit.
1254 609 1398 640 Tolosae.
1420 626 1453 631 —
1469 609 1667 640 Praecedunt
1684 608 1806 648 aliquae
1823 610 1923 640 restae
1940 608 2062 641 debitae
2081 610 2210 641 ratione
2226 619 2276 641 ar-

679 663 862 694 rendarum
886 663 919 693 et
944 662 1286 702 condempnationum
1306 662 1453 702 (fragm.)
1474 662 1581 703 (Perq.
1601 661 1734 703 lmqum,
1752 671 1786 693 n.
1804 664 1840 699 13
1856 662 1887 692 J.
1903 663 1948 694 M.
1964 662 2077 698 Vidal,
2094 662 2277 694 Documems

678 725 731 746 sur
748 715 790 746 les
809 715 944 755 oriyines
957 714 993 746 de
1010 714 1040 745 la
1051 716 1198 756 province
1216 715 1440 756 ecclesiastique
1455 715 1492 746 de
1507 715 1668 753 Toulouse,
1685 716 1757 746 doc.
1775 725 1893 753 txvui,
1917 724 1973 756 pp.
1991 717 2152 756 195-212.)

229 1253 273 1284 (Ψ
563 1251 566 1254 ’
603 1258 607 1260 ’
815 1260 1044 1293 Instrumenta
1066 1259 1210 1304 archivii
1234 1259 1345 1293 castri
1369 1260 1492 1293 Sancti
1514 1260 1642 1307 A—nqeli
1664 1261 1748 1294 anni
1767 1261 1910 1295 secundi
1922 1262 2150 1307 pontificatus

941 1330 1083 1364 Joannis
1103 1331 1207 1363 XXII
1219 1337 1324 1375 prout
1343 1330 1380 1364 in
1399 1330 1593 1365 inventario
1615 1332 1849 1377 Garampiano
1863 1333 2018 1378 jacent¹.

331 1556 368 1584 14
385 1561 437 1585 oct.
456 1555 544 1584 1317.
727 1549 838 1581 8377.
859 1569 897 1574 --
916 1552 1210 1591 compromissum
1225 1551 1351 1583 factum
1367 1552 1456 1583 inter
1470 1552 1604 1583 nobiles
1620 1554 1714 1584 viros
1732 1554 1918 1585 Antonium
1936 1554 1977 1585 de
1992 1554 2112 1586 Surdis
2131 1557 2163 1586 et
2179 1556 2284 1588 Ober-

682 1608 756 1637 tum
772 1607 812 1637 de
829 1606 941 1643 Cario,
959 1605 1098 1643 milites,
1115 1614 1158 1636 ex
1181 1614 1261 1641 una,
1280 1607 1313 1636 et
1337 1606 1525 1637 Antonium
1548 1606 1693 1646 archipr.
1723 1606 1834 1646 plebis
1852 1607 1892 1639 de
1919 1607 2094 1639 Casanova
2117 1618 2158 1640 ex
2177 1610 2283 1641 altera

682 1659 852 1699 partibus,
862 1668 965 1699 super
979 1659 1083 1690 terris
1097 1660 1130 1690 et
1144 1658 1423 1698 possessionibus
1439 1659 1475 1690 in
1490 1659 1675 1695 Valleceni,
1692 1660 1880 1691 Placentin.
1890 1661 1935 1692 di.
1950 1661 2050 1702 (Arm.
2065 1662 2137 1699 XV,
2148 1673 2231 1703 caps.
2250 1665 2283 1701 7,

684 1723 714 1743 n.
735 1713 793 1749 35,
809 1722 844 1753 p.
869 1713 949 1743 111.
966 1712 1145 1752 Authogr.)

323 1769 362 1797 3ο
381 1772 435 1797 oct.
461 1768 550 1797 1317.
729 1764 839 1795 8378.
858 1783 898 1788 -
911 1766 1047 1797 Litterae
1065 1774 1140 1796 cum
1163 1766 1260 1806 signo
1287 1774 1389 1798 aureo
1406 1766 1547 1798 Roberti
1563 1766 1688 1798 Siciliae
1710 1767 1813 1807 regis,
1830 1768 2069 1800 confirmantes
2084 1769 2214 1800 bullam
2235 1770 2284 1802 ibi

685 1820 848 1851 insertam
864 1819 1007 1851 Joannis
1023 1820 1123 1859 Papae
1140 1819 1242 1850 XXII
1258 1819 1293 1850 in
1310 1829 1377 1859 qua
1391 1820 1502 1851 eidem
1517 1822 1718 1860 prorogatur
1733 1821 1902 1852 terminus
1914 1830 2037 1853 census
2051 1823 2094 1854 R.
2107 1823 2145 1854 E.
2165 1823 2283 1861 debiti,

685 1876 717 1906 et
732 1874 811 1910 alia,
830 1875 890 1905 etc.
909 1873 1008 1912 (Arm.
1025 1873 1070 1908 II,
1087 1882 1179 1913 capsa
1193 1873 1226 1910 5,
1241 1883 1273 1904 n.
1291 1873 1351 1910 23,
1365 1873 1458 1914 oriq.)

323 1930 361 1959 27
382 1939 445 1958 nov.
465 1929 552 1958 1317.
727 1923 861 1956 ν8379.
878 1944 918 1950 -
933 1928 1049 1958 Banna
1064 1935 1124 1957 seu
1141 1927 1214 1957 acta
1229 1926 1331 1957 curiae
1347 1927 1582 1959 Romandiolae
1600 1927 1765 1958 adversus
1781 1928 1924 1960 comites
1942 1929 1982 1959 de
1999 1929 2105 1961 Cumo
2128 1930 2283 1970 aliosque

686 1982 728 2013 ob
755 1981 869 2012 varios
886 1988 1048 2012 excessus
1064 1979 1106 2011 ab
1132 1980 1220 2019 ipsis
1237 1980 1441 2011 commissos
1467 1981 1502 2011 in
1527 1981 1689 2012 comitatu
1711 1981 1827 2012 Imolae
1844 1983 1877 2013 et
1899 1981 2057 2022 pluribus
2081 1983 2160 2014 aliis
2186 1984 2284 2016 locis.

687 2035 786 2074 (Arm.
802 2034 894 2071 XIII,
911 2043 994 2074 caps.
1015 2034 1071 2070 14,
1090 2043 1121 2064 n.
1145 2033 1192 2063 62
1203 2043 1212 2070 5
1233 2035 1363 2073 autogr.
1378 2034 1521 2066 membr.
1538 2034 1637 2065 valde
1655 2043 1829 2066 corrosum
1848 2044 1891 2066 ex
1907 2044 1973 2075 quo
1991 2044 2112 2075 parum
2129 2037 2183 2068 vel
2199 2038 2286 2069 nihil

685 2089 752 2129 legi
775 2089 914 2128 potest.)

334 2145 372 2172 16
385 2144 443 2172 dec.
460 2143 548 2172 1317.
730 2139 841 2171 8380.
860 2159 898 2164 -
915 2141 1136 2172 Monitorium
1160 2140 1305 2180 delegati
1332 2142 1439 2181 apost.
1469 2142 1584 2172 contra
1606 2141 1733 2172 Canem
1755 2142 1795 2173 de
1814 2142 1848 2172 la
1874 2142 1984 2180 Scala,
2002 2143 2228 2175 Passerinum
2247 2144 2287 2176 de

686 2195 826 2227 Mantua
841 2196 874 2226 et
896 2194 1076 2225 Mathaeum
1095 2194 1340 2226 vicecomitem
1358 2194 1399 2226 de
1424 2194 1651 2232 Mediolanen,
1677 2195 1735 2234 qui
1752 2195 1845 2226 civit.
1862 2195 2016 2227 Brixien.
2033 2198 2066 2227 et
2086 2197 2285 2230 Cremonen.

686 2249 893 2285 invaserant,
910 2247 1094 2287 frangendo
1111 2249 1249 2286 treugas
1265 2247 1491 2279 Lombardiae.
1508 2248 1563 2288 (A.
1576 2249 1616 2279 A.
1634 2248 1745 2287 Instr.)

332 2303 370 2331 22
387 2303 441 2338 reb.
461 2303 550 2331 1318.
731 2298 842 2331 8381.
861 2320 899 2325 -
914 2301 1091 2333 Limitatio
1110 2302 1143 2332 et
1170 2301 1358 2341 assignatio
1379 2301 1574 2333 reddituum
1596 2311 1658 2341 pro
1679 2302 1760 2333 eccl.
1788 2302 1961 2340 Tolosam,
1983 2303 2210 2342 Lombarien„
2226 2305 2285 2336 Ri-

686 2364 775 2392 ven„
792 2363 820 2386 s.
835 2354 970 2395 Papuli,
988 2354 1234 2394 Appamiarum
1250 2356 1283 2385 et
1298 2354 1538 2386 Montisalban.
1555 2355 1607 2394 (A.
1626 2355 1664 2386 Α.
1686 2355 1796 2395 Instr.)

334 2410 355 2438 3
372 2410 436 2444 iun.
455 2409 543 2438 1318.
731 2404 864 2437 ‘'8332.
881 2426 919 2431 --
937 2408 1097 2439 Instrum.
1121 2407 1353 2439 authenticum
1385 2408 1682 2440 membranaceum
1712 2417 1935 2448 processuum
1966 2410 2217 2450 publicatorum
2243 2410 2285 2442 ab

333 2454 494 2483 Indictione
509 2453 543 2481 ¹⁸·
687 2462 822 2494 Amelio
837 2463 966 2493 rectore
981 2461 1138 2493 Marehiae
1151 2461 1352 2492 Anconitan.
1372 2463 1489 2493 contra
1503 2462 1696 2494 detinentes
1710 2462 1838 2503 injuste
1853 2464 1964 2494 terras
1981 2463 2014 2495 S.
2034 2464 2075 2495 R.
2093 2463 2132 2495 E.
2153 2464 2188 2494 in
2199 2463 2286 2495 Mar-

687 2515 762 2547 chia
781 2515 997 2552 Anconitan.,
1014 2515 1129 2546 Massa
1142 2514 1318 2551 Trabaria,
1334 2515 1437 2546 terris
1453 2523 1482 2547 s.
1499 2515 1649 2556 Agathae,
1666 2516 1795 2548 civitat.
1814 2517 1847 2547 et
1859 2516 2022 2548 comitatu
2037 2516 2172 2548 Urbini.
2189 2517 2287 2548 -Au

686 2579 798 2600 revers.
815 2568 1083 2600 Constitutiones
1100 2569 1133 2600 et
1154 2576 1337 2608 processus
1364 2567 1569 2608 publicati...
1589 2577 1619 2600 a.
1641 2570 1720 2600 1318
1737 2569 1792 2600 die
1815 2575 1890 2600 xiva
1911 2569 1996 2605 dec„
2018 2571 2111 2609 pont.
2134 2570 2166 2601 J.
2184 2570 2286 2602 XXII

687 2631 717 2655 a.
741 2623 772 2660 2,
789 2622 825 2653 in
847 2621 975 2662 palatio
997 2621 1222 2653 Montisulmi.
1247 2621 1347 2661 (Arm.
1363 2621 1437 2658 XV,
1463 2632 1558 2663 capsa
1574 2622 1631 2660 IX,
1657 2633 1688 2652 n.
1711 2622 1731 2652 3
1741 2631 1752 2659 3
1770 2622 1853 2662 orig.
1870 2631 1962 2663 perg.
1982 2631 2059 2654 cum
2074 2622 2160 2654 vitta
2176 2623 2286 2655 serica

688 2675 822 2708 cerulea
839 2676 872 2707 et
888 2675 946 2706 filo
961 2675 1126 2715 canapis.)

336 2730 355 2758 8
368 2730 437 2765 jun.
457 2730 546 2760 1318.
730 2725 865 2758 ν8383.
882 2747 921 2751 -
938 2729 1068 2760 Littera
1092 2729 1242 2760 Eduardi
1267 2729 1358 2769 regis
1377 2728 1505 2769 Angliae
1522 2738 1589 2769 qua
1609 2729 1732 2760 Joanni
1749 2729 1849 2768 Papae
1865 2729 1965 2760 XXII
1983 2737 2152 2760 summam
2172 2730 2285 2762 12442

687 2783 761 2820 lib„
776 2784 796 2813 4
822 2782 899 2820 sol.,
915 2783 935 2813 8
960 2782 1050 2821 den.,
1075 2784 1090 2813 ¹
1105 2781 1197 2814 oboli
1213 2783 1275 2814 etl
1294 2782 1494 2822 quadrantis
1523 2782 1689 2822 sterling„
1721 2790 1823 2822 quam
1853 2790 1895 2813 ex
1911 2790 2013 2813 causa
2036 2782 2147 2813 mutui
2170 2782 2211 2813 ab
2233 2791 2287 2814 ar·

688 2836 818 2876 chiep.o
835 2837 868 2867 et
882 2835 970 2875 ep.is
984 2834 1199 2867 cantuarien.
1209 2835 1393 2875 provinciae
1407 2836 1534 2875 recepit
1545 2835 1585 2867 de
1602 2835 1733 2866 decima
1745 2834 1922 2867 sexennali
1932 2843 1951 2866 a
1967 2834 2139 2867 Clemente
2153 2835 2284 2876 PapaV

722 2953 745 2978 1.
759 2951 831 2978 Vide
846 2953 921 2976 tome
934 2950 959 2979 1.
976 2957 1004 2983 p.
1019 2951 1075 2979 495,
1090 2952 1156 2976 note
1170 2951 1192 2976 ι.
