2592 3562
243 435 346 462 Datum
363 427 546 462 Avenione.
604 456 607 472 ,

219 535 237 563 7
251 537 307 572 (vn
322 535 374 569 id.)
391 544 453 571 apr.
475 534 564 564 1318.

344 1388 381 1416 Ut
397 1396 420 1416 s.
473 1377 477 1379 .

344 1433 374 1460 T.
389 1433 422 1460 Χ.

346 1495 382 1523 Ut
398 1504 421 1523 s.

330 1541 360 1567 T.
378 1541 437 1568 XII.

334 1604 378 1640 {Ut
398 1613 422 1632 s.

290 1649 320 1675 T.
337 1649 384 1682 XI,
401 1649 475 1678 XIII.

339 1817 376 1845 Ut
396 1826 419 1846 s.

265 1861 310 1888 Gr.
324 1870 376 1896 pro
394 1862 494 1898 script.

340 2188 376 2216 Ut
391 2196 415 2216 s,

287 2232 317 2259 Τ.
338 2232 397 2259 XVI
415 2232 461 2268 (f).

337 2347 372 2375 Ut
392 2356 416 2376 s.

313 2392 344 2420 T.
366 2393 437 2421 XVI.

331 2453 367 2482 Ut
387 2462 411 2482 s.

316 2498 346 2525 T.
366 2498 437 2526 XIV.

332 2613 367 2641 Ut
386 2621 410 2641 s.

283 2657 314 2684 T.
329 2657 376 2692 XI,
393 2657 464 2686 XIII.

335 2773 370 2800 Ut
388 2781 411 2800 s.

275 2817 305 2844 T.
323 2817 383 2850 XII,
402 2818 472 2846 XIV.

333 2933 369 2961 Ut
389 2941 413 2961 s·

310 2977 341 3004 T.
361 2977 432 3006 XVI.

582 316 584 318 *
607 341 782 373 JOANNIS
806 341 924 371 PAPAE
946 340 1048 370 XXII.
1073 341 1322 379 (1316-1334).
1344 358 1383 363 --
1405 340 1592 371 LITTERAE
1615 340 1839 373 COMMUNES
2178 350 2234 380 125

680 508 791 561 6866.
817 549 856 555 -
878 532 1119 571 Exposuerunt
1142 531 1233 561 cives
1255 532 1286 562 et
1305 531 1513 562 universitas
1537 531 1783 570 Appamiarum
1811 533 1901 571 quod
1922 534 2126 567 cathedralis
2153 539 2232 569 0001.

633 586 893 626 Appamiarum,
910 585 951 615 ad
969 593 1071 624 quam
1089 584 1131 615 ab
1143 584 1224 615 olim
1240 593 1301 623 pro
1312 584 1430 624 pueris
1444 584 1660 623 baptizandis
1676 587 1708 615 et
1722 584 2016 618 benedictionibus
2025 590 2235 628 nuptialibus

603 626 605 640 Ι
634 639 840 678 recipiendis
853 638 1011 669 accedere
1027 639 1287 673 consueverunt,
1307 637 1453 668 multum
1470 646 1488 668 a
1503 637 1637 668 civitate
1659 638 1810 668 noscitur
1829 647 1905 670 esse
1922 643 2062 677 remota,
2079 644 2236 683 quodque

633 692 724 723 infra
744 692 842 723 dictae
866 692 958 722 civit.
976 691 1100 722 moenia
1116 691 1190 722 duae
1215 691 1374 721 videlicet
1397 691 1437 721 de
1461 691 1588 730 Campo
1613 692 1646 721 et
1664 691 1704 721 de
1727 691 1900 723 Mercatali
1925 694 2059 732 paroch.
2082 696 2176 731 eccl.,
2194 698 2237 728 ad

633 745 758 776 dictam
774 745 855 776 0001.
880 744 1106 776 cathedralem
1123 745 1328 783 spectantes,
1350 744 1503 774 existunt
1519 744 1553 774 in
1577 743 1702 783 quihus
1722 744 1806 775 eisd.
1832 745 1968 777 fuerunt
1986 747 2149 779 hactenus
2169 750 2237 781 alia

633 800 845 830 sacramenta
860 798 1065 829 ministrata.
1082 797 1193 833 Quare
1216 797 1452 836 supplicarunt
1467 799 1504 827 ut
1521 797 1556 827 in
1576 797 1677 828 dictis
1700 799 1781 828 0001.
1799 797 2018 837 baptismatis
2037 803 2068 832 et
2083 801 2236 834 benedic-

631 852 736 883 tionis
760 851 925 891 nuptialis
951 851 1101 891 recipere
1127 851 1262 882 valeant
1289 851 1502 881 sacramenta
1520 851 1587 880 ΡΡ.
1606 851 1788 882 concedere
1811 851 2018 891 dignaretur,
2046 856 2235 893 praesertim

633 914 736 945 quum
754 905 796 936 ad
813 905 848 936 id
865 905 1042 936 Pilofortis
1058 906 1139 935 tunc
1154 904 1197 935 el.
1218 904 1477 943 Appamiarum,
1494 912 1582 934 nunc
1598 904 1718 935 Riven.
1737 905 1817 943 ep.i‚
1837 906 2039 938 accessisset
2059 917 2234 947 assensus,

632 958 711 989 licet
728 959 828 998 capit.
849 958 958 998 ejusd.
985 958 1066 989 eccl.
1088 957 1291 988 cathedralis
1309 966 1412 996 super
1431 957 1485 987 his
1501 957 1674 988 noluerint
1695 958 1898 989 consentire.
1923 959 2150 995 Quamobrem
2166 963 2233 994 ΡΡ.

632 1012 769 1042 mandat
783 1021 852 1052 ep.o
870 1011 1067 1052 Mirapiscen.
1087 1013 1136 1048 ut,
1161 1011 1191 1041 si
1207 1019 1262 1041 res
1282 1010 1330 1041 ita
1353 1010 1433 1048 sint,
1463 1010 1548 1041 eisd.
1568 1010 1700 1041 civibus
1726 1011 1897 1050 postulata
1920 1014 2089 1046 concedat.
2111 1016 2165 1054 (V.
2182 1018 2233 1055 68,

632 1073 684 1104 ep.
705 1065 810 1105 1046.)

676 1116 788 1147 6867.
813 1135 851 1140 ———
875 1118 995 1149 Decano
1020 1117 1055 1148 de
1076 1117 1261 1149 castronovo
1279 1117 1316 1148 dc
1330 1117 1438 1155 Arrio,
1457 1128 1480 1147 s.
1498 1117 1616 1158 papuli
1632 1117 1688 1154 di„
1708 1122 1736 1148 et
1760 1118 1876 1151 archid.
1899 1119 2066 1160 Urqellen„
2090 1133 2126 1153 ac
2150 1129 2231 1156 eant.

630 1171 780 1202 Elboren.
798 1171 870 1202 eccl.
888 1172 1000 1203 mand.
1018 1164 1055 1203 ut
1073 1171 1209 1212 paroch.
1228 1171 1309 1202 eccl.
1334 1171 1374 1202 de
1395 1180 1423 1201 s.
1450 1171 1642 1207 Benedicto,
1659 1171 1876 1211 Mirapiscen.
1894 1173 1954 1211 di.,
1974 1183 2075 1213 quam
2091 1177 2235 1210 Adema-

630 1225 703 1256 rius
725 1226 766 1256 de
790 1225 964 1256 Planhauo
984 1226 1082 1265 juxta
1110 1225 1245 1256 constit.
1265 1233 1367 1264 super
1391 1224 1516 1264 plural.
1537 1224 1648 1255 benef.
1672 1224 1815 1261 dimisit,
1844 1226 2018 1258 conferant
2043 1229 2167 1261 Joanni
2192 1232 2234 1263 de

630 1278 830 1315 Gosenchis,
854 1279 934 1310 cler.
959 1279 1055 1325 dictae
1073 1279 1133 1315 di„
1158 1278 1287 1310 consid.
1314 1287 1348 1308 n.
1376 1287 1407 1308 v.
1433 1278 1599 1309 Bernardi
1623 1278 1776 1316 Jordani‚
1807 1279 1878 1310 d.ni
1907 1280 1948 1311 de
1967 1281 2095 1313 Insula.
2123 1283 2178 1324 (A.
2200 1287 2231 1323 9,

630 1332 653 1362 f.
673 1334 730 1364 163
748 1332 778 1367 ¹³;
802 1332 838 1363 V.
854 1334 906 1367 68,
919 1341 972 1372 ep.
992 1333 1071 1364 1244
1085 1333 1141 1370 Α.)

675 1383 784 1416 6868.
802 1403 841 1408 -
861 1385 1009 1416 Praedicto
1025 1395 1056 1416 η.
1072 1395 1100 1415 υ.
1113 1385 1235 1416 indult.
1255 1385 1375 1416 altaris
1389 1386 1511 1425 portat.
1531 1385 1582 1425 (A.
1598 1386 1629 1422 9,
1648 1385 1670 1415 f.
1686 1386 1745 1417 226
1764 1391 1792 1423 ‘¹3
1817 1385 1849 1416 V.
1867 1387 1918 1424 68,
1934 1396 1987 1427 ep.
2004 1390 2082 1421 1246
2097 1390 2154 1430 A.)

674 1491 784 1522 6869.
803 1511 841 1516 -
858 1492 935 1524 Eid.
956 1493 1078 1524 indult.
1098 1492 1246 1532 eligendi
1261 1492 1502 1523 confessorem.
1523 1492 1574 1529 (A.
1591 1494 1622 1530 9,
1638 1492 1661 1522 f.
1677 1493 1736 1524 226
1755 1498 1786 1528 ²²3
1810 1493 1846 1524 V.
1863 1494 1915 1531 68,
1933 1503 1986 1534 ep.
2006 1497 2084 1526 1246
2098 1497 2151 1535 Β.)

673 1598 785 1630 6870.
805 1617 843 1622 -
859 1599 1002 1631 Ger-audo
1018 1599 1150 1630 Andreae
1167 1608 1260 1639 prov.
1280 1608 1399 1631 canon.
1416 1599 1496 1630 eccl.
1515 1599 1552 1630 Β.
1576 1599 1619 1630 Μ.
1637 1599 1761 1630 Portus
1783 1600 2034 1632 Claromonten.
2053 1603 2117 1634 sub
2133 1613 2231 1644 exsp.

628 1654 731 1694 praeb.
748 1654 899 1693 integrae,
915 1653 1042 1688 liberae,
1062 1661 1128 1684 non
1146 1653 1378 1684 sacerdotalis.
1395 1670 1434 1675 -
1450 1653 1475 1683 Ι.
1495 1661 1524 1683 0.
1544 1661 1588 1683 111.
1609 1652 1684 1683 abb.
1705 1655 1847 1685 monast.
1866 1662 1894 1685 s.
1909 1654 2016 1686 Illidii
2032 1656 2231 1689 Claromon-

628 1710 710 1744 ten„
728 1709 761 1739 et
777 1709 864 1738 cant.
888 1707 1153 1746 Petragoricen„
1173 1715 1211 1737 ac
1235 1706 1359 1738 Joanni
1380 1706 1624 1745 Mandajulani,
1651 1715 1725 1736 can.
1753 1706 2003 1739 Claromonten.
2024 1710 2105 1741 eccl.
2127 1711 2180 1751 (A.
2198 1713 2230 1751 9,

627 1761 652 1793 f.
668 1763 725 1792 471
750 1766 779 1798 a;
803 1760 834 1791 V.
850 1761 901 1798 68,
918 1769 970 1800 ep.
990 1759 1094 1798 1434.)

672 1812 783 1843 6871.
801 1832 839 1837 -—
856 1813 999 1850 Nicolao,
1019 1818 1092 1843 nato
1109 1812 1224 1853 quond.
1247 1812 1409 1853 Capiferri
1425 1812 1461 1843 de
1487 1823 1511 1842 s.
1533 1813 1667 1848 Victore,
1688 1821 1761 1844 can.
1781 1814 1999 1853 Aquinatem,
2016 1817 2104 1847 conf.
2124 1818 2230 1849 archi-

626 1868 713 1899 diac.
731 1868 838 1908 ejusd.
863 1867 944 1899 eccl.
973 1869 1156 1898 consuetus
1177 1866 1219 1897 ab
1245 1866 1326 1898 olim
1343 1875 1415 1897 can.
1443 1866 1539 1897 dictae
1557 1866 1636 1897 eccl.
1662 1866 1840 1906 assignari,
1864 1876 1925 1907 per
1943 1870 2192 1902 assecutionem
2210 1881 2231 1904 a

626 1930 714 1961 mag.
739 1921 924 1953 Guillelmo
949 1921 989 1951 de
1013 1929 1040 1951 s.
1070 1920 1207 1951 Victore
1230 1919 1354 1950 factam
1380 1919 1420 1950 de
1440 1919 1573 1951 abbatia
1593 1920 1706 1951 saecul.
1735 1920 1815 1951 0601.
1845 1929 1872 1951 s.
1892 1921 1983 1952 Petri
2003 1922 2044 1954 de
2069 1924 2230 1963 Laureto,

624 1975 774 2006 Pennen.
792 1974 851 2010 di„
867 1982 927 2013 per
943 1973 1011 2004 ΡΡ.
1030 1973 1097 2004 sibi
1111 1973 1234 2004 collata
1249 1981 1337 2008 vac.;
1355 1981 1422 2003 non
1438 1972 1524 2004 obst.
1543 1973 1633 2012 quod
1647 1973 1682 2003 in
1696 1974 1767 2004 ead.
1786 1974 1867 2004 eccl.
1886 1974 2090 2014 Aquinaten.
2109 1986 2227 2010 canon.

624 2029 657 2059 et
672 2028 739 2059 duo
757 2027 945 2058 ecclesiast.
965 2026 1090 2063 benef„
1113 2035 1175 2057 xm
1193 2026 1341 2057 florenos
1356 2026 1410 2057 vel
1425 2026 1558 2057 circiter
1574 2027 1734 2063 valentia,
1752 2027 1787 2057 in
1808 2027 1979 2059 Theanen.
2000 2029 2047 2060 di.
2065 2029 2225 2063 obtineat.

622 2098 661 2104 —
679 2082 706 2112 I.
724 2090 752 2112 e.
773 2090 818 2111 m.
835 2089 911 2120 ep.o
933 2079 1132 2117 Venafran.,
1156 2081 1189 2110 et
1204 2079 1350 2119 archIpr.
1377 2079 1480 2110 castri
1501 2088 1528 2110 s.
1555 2080 1705 2111 Victoris
1730 2080 1843 2111 Terrae
1863 2083 2009 2113 monast.
2036 2083 2228 2121 Cassinen.‚

624 2143 661 2166 ac
673 2134 914 2165 Ildebrandino
930 2133 970 2164 de
986 2133 1130 2170 Comite‚
1146 2141 1220 2164 can.
1236 2133 1402 2164 Senonen.
1420 2133 1501 2164 eccl.
1520 2133 1574 2173 (A.
1586 2133 1616 2169 9,
1637 2133 1658 2164 f.
1677 2135 1737 2164 474
1752 2133 1780 2171 ¹’3
1805 2133 1838 2163 V.
1852 2135 1903 2171 68,
1919 2143 1970 2174 ep.
1990 2137 2093 2174 1438.)

667 2184 776 2216 6872.
792 2204 831 2210 —
844 2186 1070 2217 visitantibus
1084 2186 1164 2218 eccl.
1176 2186 1214 2217 B.
1231 2187 1276 2218 M.
1291 2186 1331 2217 de
1347 2186 1552 2223 Lomberiis,
1566 2186 1601 2217 in
1616 2195 1682 2226 qua
1692 2187 1802 2218 D.nus
1812 2187 2056 2220 intercessione
2071 2191 2110 2222 B.
2125 2191 2170 2222 M.
2185 2192 2226 2224 V.

622 2241 756 2280 operari
772 2240 937 2271 miracula
948 2240 1118 2280 dignatur,
1133 2248 1224 2271 conc.
1243 2239 1373 2279 indulg.
1388 2239 1491 2270 unius
1508 2240 1588 2270 anni
1604 2240 1639 2270 in
1653 2240 1798 2280 singulis
1810 2250 1842 2271 1v
1858 2241 2103 2274 festivitatibus
2116 2244 2227 2283 ipsius

621 2295 660 2326 B.
678 2294 723 2325 M.
738 2294 778 2324 V.
794 2295 827 2325 et
845 2303 861 2324 c
877 2293 1010 2324 dierum
1026 2294 1062 2324 in
1077 2292 1217 2324 octavis.
1233 2293 1287 2332 (A.
1302 2295 1334 2330 9,
1350 2292 1372 2323 f.
1388 2294 1450 2324 402
1465 2292 1495 2330 h;
1517 2293 1551 2324 V.
1566 2295 1618 2330 68,
1641 2302 1693 2333 ep.
1711 2295 1814 2334 1475.)

665 2344 776 2376 6873.
793 2366 831 2370 -
845 2346 988 2377 Arnaldo
1002 2346 1041 2377 el.
1057 2345 1246 2378 Lomberien.
1263 2346 1402 2378 licentia
1414 2347 1574 2378 testandi.
1592 2347 1644 2386 (A.
1662 2348 1692 2382 9,
1712 2347 1734 2377 f.
1750 2349 1811 2379 402
1824 2347 1855 2385 ι);
1877 2347 1912 2379 V.
1930 2349 1980 2386 68,
2000 2357 2053 2388 ep.
2071 2351 2174 2388 1477.)

664 2450 774 2482 6874.
793 2471 832 2476 —
850 2451 1015 2483 Guillelmo
1032 2452 1069 2483 de
1085 2453 1264 2490 Arbomico,
1289 2452 1362 2483 cler.
1388 2452 1614 2490 Convenarum,
1638 2462 1680 2484 ex
1703 2453 1817 2493 presb.
1839 2454 1953 2494 genito
1978 2456 2010 2486 et
2029 2456 2151 2494 soluta,
2176 2456 2224 2487 in-

619 2507 746 2547 dulget.
762 2508 799 2537 ut
813 2515 880 2538 non
908 2506 996 2537 obst.
1012 2506 1103 2537 dicto
1127 2506 1294 2538 natalium
1319 2505 1453 2537 defectu
1473 2507 1515 2537 ad
1541 2515 1657 2538 omnes
1683 2507 1820 2538 ordines
1844 2508 2038 2547 promoveri
2061 2510 2095 2540 et
2112 2508 2223 2540 benef.

619 2569 647 2591 s.
664 2569 692 2591 c.
708 2560 801 2591 licite
817 2559 963 2591 retinere
978 2559 1100 2590 valeat.
1118 2560 1171 2598 (A.
1186 2561 1216 2594 9,
1231 2559 1254 2590 f.
1271 2562 1331 2591 477
1347 2559 1376 2596 ¹’;
1408 2559 1439 2591 V.
1455 2560 1506 2595 68,
1525 2568 1576 2599 ep.
1599 2561 1703 2598 1482.)

662 2610 773 2642 6875.
794 2630 833 2635 -
850 2611 1012 2644 Guillelmo
1039 2612 1077 2643 de
1101 2613 1225 2643 Artesio
1251 2621 1347 2652 prov.
1373 2622 1493 2645 canon.
1515 2613 1597 2645 eccl.
1620 2613 1804 2653 Legionen.
1823 2613 1888 2644 sub
1912 2622 2008 2654 exsp.
2027 2614 2129 2654 praeb.
2146 2623 2223 2646 cum

616 2666 873 2707 praestimoniis.
892 2683 930 2689 —
943 2666 970 2697 I.
983 2674 1012 2697 e.
1030 2674 1075 2698 m.
1092 2666 1293 2698 Lascurren.
1312 2668 1344 2698 et
1358 2666 1508 2698 Aduren.
1529 2667 1628 2706 ep.is,
1645 2675 1684 2698 ac
1706 2666 1831 2697 archid.
1858 2667 1898 2698 de
1917 2667 2063 2707 Angulis
2083 2667 2118 2698 in
2139 2668 2220 2700 eccl.

616 2720 775 2752 Tarvien.
794 2719 845 2757 (A.
863 2721 893 2756 9,
911 2719 934 2750 f.
949 2721 1006 2751 351
1024 2724 1052 2756 ³;
1069 2719 1109 2749 A.
1129 2720 1178 2757 10,
1198 2719 1221 2751 Ῐ“.
1237 2720 1258 2750 9
1273 2719 1303 2756 ¹³3
1324 2719 1357 2750 V.
1374 2721 1427 2757 68,
1444 2728 1497 2758 eP.
1517 2720 1622 2759 1504.)

661 2762 771 2802 6876.
788 2790 826 2795 -
841 2772 983 2803 Ναυαννο
996 2772 1032 2803 de
1047 2772 1248 2804 Millesanctis
1263 2773 1337 2804 ead.
1354 2773 1463 2813 gratia
1477 2774 1511 2804 in
1527 2773 1609 2804 eccl.
1627 2773 1796 2804 Palentin.
1805 2783 1814 2810 ;
1833 2781 1899 2804 non
1915 2772 2002 2804 obst.
2018 2773 2108 2812 quod
2122 2773 2156 2804 in
2173 2774 2221 2807 di.

615 2826 811 2859 Narbonen.
837 2826 949 2858 benef.
967 2835 994 2857 6.
1013 2834 1041 2857 c.
1059 2826 1114 2857 vel
1131 2835 1159 2857 s.
1176 2835 1204 2857 6.
1222 2826 1293 2867 (100
1309 2826 1332 2857 1.
1358 2828 1400 2866 t.)
1420 2827 1462 2857 ad
1479 2826 1591 2857 collat.
1614 2826 1778 2865 archiep.i
1797 2827 1982 2865 exspectet.
2011 2843 2050 2848 —
2065 2826 2093 2857 Ι.
2117 2835 2147 2858 e.
2173 2835 2219 2858 m.

615 2882 652 2911 ut
668 2889 695 2910 s.
716 2880 767 2920 (A.
783 2882 814 2917 9,
832 2879 855 2910 f.
873 2881 930 2911 351
950 2879 978 2915 b,
993 2879 1033 2909 A.
1047 2880 1096 2916 10,
1113 2879 1134 2911 f.
1157 2880 1195 2911 10
1210 2879 1243 2916 ¹³3
1264 2879 1299 2910 V.
1317 2880 1368 2915 68,
1385 2888 1438 2919 ep.
1458 2879 1562 2918 1505.)

659 2930 770 2962 6877.
787 2950 827 2955 -
840 2932 926 2972 Ep.o
942 2932 1131 2963 Lemovicen.
1150 2937 1180 2963 et
1197 2932 1264 2973 ejus
1279 2933 1394 2963 vicario
1412 2933 1446 2963 in
1458 2931 1672 2973 spiritualibus
1690 2932 1804 2963 mand.
1822 2933 1859 2962 ut
1873 2931 2088 2969 Guibertum,
2103 2933 2221 2964 natum

613 2986 791 3018 Guillelmi
805 2986 845 3017 (10
862 2986 1025 3023 Cosnaco,
1050 2985 1130 3018 cler.
1151 2986 1367 3017 Lemovicen.
1389 2986 1449 3021 di..
1467 2986 1501 3016 in
1525 2986 1669 3016 monast.
1688 2985 1728 3016 de
1753 2984 1866 3022 Briva,
1885 2985 1924 3017 Ο.
1943 2985 1976 3016 S.
1995 2985 2050 3022 A„
2064 2985 2218 3025 eJusdem

613 3039 673 3077 di„
694 3039 800 3079 recipi
816 3039 951 3087 faciant.
969 3039 1022 3078 (A.
1039 3040 1070 3076 9,
1083 3038 1106 3071 f.
1127 3040 1187 3071 416
1203 3044 1239 3076 33
1258 3038 1296 3070 V.
1310 3039 1362 3077 68,
1380 3047 1431 3078 ep.
1454 3038 1561 3078 1582.)
