2592 3562
215 418 317 443 Datum
345 411 528 444 Avenione.

256 518 297 545 28
318 517 373 552 feb.
396 516 483 544 1318.

253 563 287 597 (ιι
306 562 366 589 kal.
388 560 490 595 mart.)

333 783 367 810 Ut
383 790 407 809 s.

332 1049 368 1076 Ut
384 1057 408 1076 s.
498 1071 501 1073 ,

294 1092 325 1119 Τ.
346 1092 444 1120 XVIII.

331 1207 367 1235 Ut
382 1215 407 1235 s.

330 1791 365 1819 Ut
382 1800 406 1818 s.

307 1837 337 1862 T.
358 1836 428 1863 XIV.

204 2010 217 2035 Ι
239 2008 322 2044 (kal.)
341 2012 424 2036 mart.
448 2009 536 2038 1318.

267 2053 314 2079 Gr.
334 2061 387 2088 pro
408 2054 476 2081 Deo.

331 2438 367 2466 Ut
383 2446 406 2465 s.

308 2483 338 2509 ’1“.
360 2482 446 2527 ΧἺΙᾉ

331 2917 368 2944 Ut
388 2926 410 2945 s.

316 2962 346 2988 T.
367 2961 426 2988 XII.

589 322 763 353 JOANNIS
786 322 905 352 PAPAE
927 322 1028 352 XXII.
1054 325 1302 362 (1316-1334).
1324 341 1363 346 —
1387 324 1572 354 LITTERAE
1595 324 1819 356 COMMUNES
2168 333 2205 362 81

653 510 765 542 63⁷2.
783 531 821 535 —
838 513 1027 553 Berenyario
1042 512 1131 543 Fulci
1145 513 1182 543 de
1196 513 1358 544 Posclzenis
1374 514 1461 545 conf.
1478 523 1598 546 canon.
1613 515 1814 547 Cavallicen.
1833 526 1910 548 cum
1925 518 2040 557 praeb.,
2059 528 2129 551 vac.
2148 529 2207 560 per

607 567 751 597 mortem
778 565 957 597 Guillelmi
975 566 1118 597 Arnaldi
1141 566 1181 597 de
1197 567 1443 606 Montepesato,
1460 568 1549 607 apud
1571 568 1603 598 S.
1626 569 1667 599 A.
1685 568 1847 606 defuncti,
1866 571 1994 601 consid.
2014 573 2208 612 Berengarii

608 619 676 658 ep.i
692 619 875 650 Tusculan.
893 619 989 658 cujus
1007 627 1085 658 nep.
1106 619 1246 656 existit;
1262 628 1328 650 non
1345 619 1430 651 obst.
1446 621 1536 659 quod
1556 621 1705 652 ruralem
1724 622 1805 653 eccl.
1827 631 1854 655 s.
1870 623 2013 654 Andreae
2029 625 2069 655 de
2087 625 2208 664 Aquis-

608 672 709 709 nivis,
736 672 901 703 Biterren.
927 672 986 709 di.,
1010 671 1170 703 obtineat.
1189 690 1227 695 —
1250 673 1277 703 Ι.
1293 682 1322 703 6.
1342 682 1387 703 m.
1405 682 1509 713 praep.
1538 673 1686 711 Albien.,
1712 677 1744 706 et
1759 677 1916 714 proecent.
1938 676 2144 716 Narbonen.,
2172 688 2209 710 ac

607 725 731 756 Joanni
747 725 788 757 de
805 735 832 756 s.
850 725 1046 762 Guillelmo,
1063 734 1136 757 can.
1155 726 1309 757 Anicien.
1330 727 1410 757 eccl.
1427 726 1481 766 (A.
1499 728 1566 764 115,
1584 727 1606 758 f.
1632 729 1690 759 139
1705 728 1735 764 ¹³3
1758 728 1791 758 V.
1810 730 1861 764 67,
1878 738 1930 769 ep.
1947 731 2031 768 662.)

653 775 764 807 6373.
784 797 823 801 -
839 779 1028 820 Berenqario
1056 778 1091 808 de
1110 778 1209 809 Barre
1225 780 1312 810 conf.
1334 779 1474 819 priorat.
1493 781 1687 812 Castrinovi
1707 781 1748 812 de
1764 782 1948 819 Levesone‚
1965 783 2005 814 Ο.
2023 784 2056 814 S.
2073 785 2123 821 B„
2141 784 2209 815 Ru-

606 831 741 863 thenen.
762 832 822 869 di.,
840 833 881 863 ad
896 833 1040 864 monast.
1057 840 1084 863 s.
1099 832 1250 864 Victoris
1267 833 1470 870 Massilien.‚
1489 834 1560 865 ord.
1578 834 1744 873 praedicti,
1761 835 1856 875 cujus
1877 836 1995 867 existit
2014 845 2119 872 mon„
2138 846 2212 876 per-

607 885 682 921 tin.,
699 894 770 916 vac.
787 894 847 925 per
865 885 947 917 obit.
963 885 1154 917 Guilaberti
1167 885 1207 916 de
1220 886 1381 917 Savareto
1398 887 1430 917 et
1448 887 1606 926 disposit.
1630 887 1663 918 S.
1684 888 1725 919 A.
1745 888 1939 927 specialiter
1954 891 2158 921 reservatus
2171 908 2209 912 —

606 938 633 969 Ι.
651 947 681 969 6.
698 947 744 969 m.
761 938 863 978 praeb.
883 939 1068 976 Brivaten.,
1086 947 1115 970 s.
1129 938 1223 970 Flori
1238 939 1298 976 di.,
1317 940 1349 970 et
1375 940 1543 980 Stephano
1566 941 1751 980 Hugoneti‚
1767 941 1970 977 Ruthenen.‚
1989 943 2055 974 ΡΡ.
2072 952 2157 983 cap.,
2173 953 2209 974 ac

606 991 746 1023 Alberto
761 992 910 1029 Lordeti,
928 992 1101 1023 Vivarien.
1121 1001 1193 1023 can.
1214 993 1295 1023 eccl.
1314 992 1365 1031 (V.
1381 995 1432 1030 67,
1449 1002 1502 1033 ep.
1519 995 1603 1031 731.)

651 1041 762 1073 6374.
783 1063 822 1068 -
836 1044 1010 1086 Napoleom'
1024 1055 1048 1075 s.
1066 1044 1202 1075 Adriani
1218 1045 1299 1077 diac.
1316 1046 1400 1077 card.
1425 1046 1526 1077 facul.
1544 1047 1729 1086 recipiendi
1749 1048 1909 1088 resignat.
1927 1058 2044 1081 canon.
2060 1051 2092 1081 et
2106 1050 2208 1089 praeb.

607 1099 688 1130 eccl.
714 1107 743 1130 s.
768 1099 882 1130 Amati
907 1099 1056 1130 Duacen.
1079 1098 1276 1130 Atrebaten.
1304 1099 1365 1137 di.,
1392 1108 1478 1139 quos
1502 1100 1630 1131 Paulus
1658 1101 1699 1132 de
1724 1101 1855 1133 Comite
1882 1103 1948 1133 ΡΡ.
1970 1111 2042 1142 cap.
2068 1103 2209 1141 obtinet,

608 1160 734 1191 eosque
751 1151 946 1183 conferendi
960 1152 1063 1183 alicui
1080 1161 1233 1191 personae
1249 1152 1388 1184 idoneae.
1408 1153 1459 1191 (A.
1476 1155 1507 1191 9,
1526 1153 1549 1185 f.
1570 1155 1627 1184 127
1643 1153 1677 1191 ι’;
1699 1154 1734 1186 V.
1751 1156 1802 1192 67,
1825 1163 1879 1195 ep.
1899 1157 1982 1194 784.)

652 1205 663 1215 “
683 1202 795 1234 6375.
812 1223 851 1228 -
866 1205 995 1237 Villam
1013 1205 1054 1237 de
1070 1205 1208 1237 Limoso
1225 1206 1314 1237 infra
1330 1206 1525 1238 Narbonen.
1544 1207 1588 1238 di.
1608 1207 1828 1239 constitutam
1846 1208 1881 1239 in
1902 1208 1994 1241 civit.
2016 1210 2126 1241 erexit
2141 1210 2209 1241 ΡΡ.

607 1258 792 1290 decernens
809 1259 900 1299 quod
913 1259 1049 1299 paroch.
1067 1259 1147 1290 6661.
1166 1268 1192 1290 s.
1210 1259 1349 1290 Martini
1365 1260 1462 1291 dictae
1478 1260 1569 1291 villae
1595 1261 1636 1292 de
1655 1261 1794 1293 Limoso
1809 1261 1989 1293 haberetur
2004 1262 2084 1294 eccl.
2101 1263 2210 1295 cathe-

607 1312 726 1349 dralis,
742 1313 776 1344 et
802 1312 983 1352 assignans
1008 1321 1083 1352 ep.o
1106 1312 1280 1343 Limosen.
1299 1313 1340 1344 de
1357 1313 1548 1345 redditibus
1571 1314 1652 1345 eccl.
1671 1315 1865 1347 Narbonen.
1883 1316 1963 1348 5000
1988 1315 2047 1347 lib.
2062 1318 2128 1348 tur.
2150 1325 2210 1349 an-

607 1365 750 1397 nuatim.
766 1366 895 1398 Verum
914 1374 990 1397 cum
1008 1367 1154 1398 monast.
1173 1375 1330 1397 sororum
1350 1367 1391 1398 de
1413 1367 1586 1405 Proliano,
1606 1368 1661 1399 cui
1679 1369 1839 1408 praedicta
1856 1369 1991 1409 paroch.
2010 1370 2154 1401 ecclesia
2168 1370 2209 1402 de

607 1419 747 1451 Limoso
760 1418 913 1459 subjecta
931 1419 1054 1454 fuerat,
1073 1420 1256 1451 enormiter
1273 1420 1460 1457 ledebatur,
1476 1421 1684 1452 erectionem
1699 1422 1811 1462 ipsam
1829 1423 1978 1454 cassavit
1994 1423 2059 1454 ΡΡ.
2079 1425 2111 1455 et
2124 1424 2207 1456 Nar-

605 1472 728 1504 bonen.
755 1473 801 1504 di.
824 1472 860 1504 in
879 1473 949 1504 tres
979 1473 1112 1508 dividit,
1130 1473 1238 1504 Electi
1266 1475 1299 1504 et
1321 1482 1350 1504 s.
1369 1474 1485 1505 Pontii
1510 1474 1781 1512 Thomeriarum‚
1804 1476 1906 1507 villas
1937 1476 2019 1508 olim
2038 1476 2135 1508 dictae
2161 1477 2207 1508 di.

605 1526 798 1558 Narbonen.
822 1526 857 1557 in
880 1526 971 1558 civit.
996 1526 1107 1567 erigit,
1131 1527 1315 1558 decernens
1343 1528 1433 1567 quod
1455 1529 1494 1559 B.
1514 1529 1559 1559 M.
1579 1528 1728 1560 Electen.
1752 1530 1785 1560 et
1807 1538 1834 1560 s.
1860 1530 1974 1561 Pontii
2000 1530 2205 1562 Thomeriar.

606 1579 892 1611 monasteriorum
910 1580 1060 1611 ecclesiae
1076 1579 1264 1612 habeantur
1280 1580 1501 1618 cathedrales,
1521 1583 1554 1613 et
1570 1582 1740 1622 archiep.o
1758 1584 1791 1614 et
1807 1583 1958 1615 ecclesiae
1979 1584 2205 1620 Narbonensi,

605 1634 721 1673 utpote
746 1633 995 1672 metropolitan.
1020 1642 1149 1671 eorum,
1169 1635 1345 1674 tamquam
1370 1635 1589 1674 suffraganeae
1614 1635 1685 1667 sint
1711 1635 1880 1676 subjectae.
1899 1637 1950 1668 De
1975 1637 2075 1668 bonis
2095 1639 2206 1669 autem

606 1695 731 1718 mensae
748 1686 949 1726 archiepisc.
968 1686 1164 1719 Narbonen.
1184 1687 1336 1728 assignat
1354 1688 1504 1719 Electen.
1521 1690 1604 1720 2000
1621 1690 1653 1720 et
1670 1698 1698 1720 s.
1718 1690 1834 1720 Pontii
1850 1690 2060 1722 Thomeriar.
2082 1700 2206 1731 praesu-

606 1740 697 1771 libus
715 1742 793 1772 1635
810 1739 868 1771 lib.
887 1741 953 1771 tur.
970 1749 1063 1780 parv.
1081 1741 1269 1772 annuatim.
1284 1741 1336 1780 (A.
1354 1744 1384 1778 9,
1402 1742 1424 1772 f.
1443 1743 1496 1772 141
1517 1747 1549 1778 ‘¹3
1576 1742 1608 1773 V.
1627 1744 1677 1780 67,
1694 1751 1746 1783 ep.
1761 1743 1848 1783 900.)

651 1790 762 1823 6376.
780 1810 818 1815 —
830 1793 1001 1834 Stephano,
1018 1798 1091 1824 nato
1105 1794 1218 1834 quond.
1235 1794 1412 1835 Adenulplzi
1426 1794 1462 1825 de
1480 1795 1607 1833 Gemite,
1622 1796 1690 1826 dati
1705 1796 1807 1827 caseri
1823 1797 1860 1827 de
1881 1797 2128 1836 Vallemoncom's,
2142 1809 2207 1829 sco-

607 1847 668 1877 lari
683 1846 807 1887 Siqnin.
826 1846 884 1882 di.,
905 1847 946 1878 de
971 1847 1148 1887 conjugato
1172 1848 1205 1879 et
1222 1848 1335 1879 soluta
1361 1849 1486 1888 genito,
1513 1849 1679 1889 indulget.
1698 1851 1747 1887 ut,
1772 1859 1839 1881 non
1861 1850 1948 1882 obst.
1967 1851 2100 1883 defectu
2115 1853 2206 1883 nata-

607 1900 706 1938 lium,
723 1900 766 1931 ad
787 1909 905 1931 omnes
932 1900 1070 1931 ordines
1093 1901 1287 1940 promoveri
1310 1903 1342 1932 et
1364 1901 1476 1933 benef.
1502 1901 1657 1934 obtinere
1685 1903 1806 1935 valeat.
1830 1903 1881 1942 (A.
1899 1905 1929 1940 9,
1948 1904 1970 1935 f.
1992 1906 2028 1936 16
2045 1911 2077 1942 ἃς
2102 1905 2137 1937 V.
2156 1907 2207 1942 68,

606 1962 658 1993 ep.
678 1954 783 1993 1193.)

651 2004 763 2036 6377.
782 2026 820 2029 -
835 2006 968 2038 Scolast.
987 2006 1058 2037 eccl.
1078 2008 1201 2038 Remen.
1225 2012 1253 2037 et
1279 2007 1467 2048 officialibus
1495 2008 1618 2040 [femen.
1638 2010 1751 2041 mand.
1775 2011 1812 2041 ut
1830 2013 2024 2050 aggravent,
2043 2013 2143 2051 prout
2160 2012 2208 2044 eis

606 2060 789 2098 videbitur,
809 2061 1013 2092 sententiam
1038 2070 1167 2092 excom.
1185 2061 1289 2092 latam
1305 2063 1422 2093 contra
1436 2063 1614 2100 Joannem,
1634 2063 1811 2100 Huettum,
1832 2064 2053 2096 Wernerium
2075 2067 2107 2097 et
2122 2066 2209 2097 Hen-

607 2114 727 2152 ricum,
744 2114 866 2145 fratres
881 2114 1079 2154 sacrilegos,
1099 2115 1157 2154 qui
1180 2114 1346 2146 Thomam
1369 2115 1496 2155 presb„
1513 2116 1648 2156 paroch.
1667 2117 1747 2148 eccl.
1763 2117 1862 2149 Villae
1886 2118 1927 2149 de
1945 2118 2140 2150 Controniis
2155 2129 2209 2151 cu-

607 2177 680 2198 ram
695 2169 880 2208 gerentem,
899 2177 936 2199 ac
955 2169 1134 2205 Joannem,
1153 2168 1292 2199 fratrem
1315 2169 1401 2208 ejus,
1426 2170 1507 2201 cler.
1526 2171 1668 2202 Remen.
1689 2170 1748 2208 di.,
1766 2171 1846 2202 dum
1873 2170 1927 2203 die
1945 2172 2115 2204 dominica
2128 2173 2207 2204 mis-

608 2230 682 2252 sam
698 2222 732 2252 in
756 2221 829 2252 ead.
849 2221 929 2252 eccl.
948 2221 1136 2253 celebraret
1154 2222 1265 2253 dictus
1279 2222 1441 2259 Thomas,
1458 2224 1535 2263 post
1553 2224 1804 2263 susceptionem
1820 2225 2061 2257 sacratissimae
2083 2226 2209 2258 Eucha-

607 2274 715 2306 ristiae
734 2283 838 2314 supra
868 2283 1002 2306 sacrum
1030 2275 1135 2306 altare
1164 2275 1312 2307 letaliter
1335 2276 1576 2314 vulnerarant;
1595 2279 1627 2308 et
1656 2277 1796 2317 insuper
1823 2279 1963 2310 domum
1980 2279 2208 2319 ingredientes

608 2328 690 2359 dicti
708 2327 822 2368 presb.
842 2327 1020 2366 violenter,
1038 2329 1230 2368 pecuniam,
1247 2330 1361 2360 vestes
1390 2331 1424 2361 et
1439 2329 1507 2361 alia
1529 2330 1618 2362 bona
1634 2339 1697 2362 sua
1722 2333 1858 2371 reperta
1872 2331 1998 2364 ibidem
2015 2337 2206 2373 rapuerant.

609 2381 661 2420 (A.
678 2382 708 2418 8,
726 2381 750 2413 f.
768 2382 825 2411 277
844 2386 874 2418 τι;
903 2380 934 2411 V.
952 2382 1004 2419 67,
1021 2389 1074 2421 ep.
1091 2382 1177 2421 575.)

653 2431 763 2463 6378.
781 2452 819 2456 —
834 2434 869 2465 S.
887 2434 977 2464 Petri
998 2434 1142 2465 Perusin.
1169 2440 1195 2465 et
1211 2446 1236 2466 s.
1254 2435 1414 2466 Benedicti
1428 2436 1464 2467 de
1477 2437 1642 2478 Peli-afilia
1658 2443 1783 2468 monast.
1805 2438 1886 2476 abb„
1899 2449 1934 2469 ac
1950 2440 2091 2480 prioris.
2109 2439 2210 2470 Blasii

610 2487 647 2518 de
673 2487 766 2524 Valle,
792 2487 933 2518 Perusin.
954 2487 1012 2524 di.,
1033 2489 1145 2519 mand.
1165 2490 1203 2520 ut
1225 2489 1382 2521 demoliri
1407 2490 1532 2522 faciant
1561 2492 1759 2529 oratorium,
1783 2492 1837 2523 vel
1854 2494 1998 2524 monast.
2015 2502 2076 2524 seu
2091 2494 2209 2524 domos

608 2541 735 2581 prioris
765 2542 796 2572 et
825 2541 970 2572 fratrum
997 2550 1173 2573 servorum
1200 2543 1234 2575 S.
1250 2543 1294 2574 M.
1314 2543 1373 2583 qui
1397 2544 1589 2576 temeritate
1612 2545 1749 2585 propria
1771 2545 1936 2577 aedificare
1965 2548 2209 2585 praesumerant

609 2603 713 2635 prope
729 2595 931 2626 conventum
957 2603 1114 2626 sororum
1139 2597 1285 2627 monast.
1305 2605 1334 2627 s.
1351 2597 1471 2628 Mariae
1490 2598 1530 2629 de
1548 2597 1749 2638 Virginibus
1764 2599 1919 2630 Perusin.
1936 2607 1995 2638 per
2009 2599 2209 2638 priorissam

610 2648 704 2680 soliti
721 2647 799 2688 gub.
818 2647 882 2678 sub
895 2657 976 2679 cura
992 2650 1024 2679 et
1040 2649 1227 2680 secundum
1238 2650 1397 2681 instituta
1413 2651 1452 2682 F.
1469 2651 1508 2683 Ο.
1527 2652 1564 2682 P.
1583 2652 1784 2689 viventium,
1797 2661 1870 2692 quae
1881 2652 1979 2692 Juxta
1993 2653 2209 2685 concessione

610 2701 800 2733 Innocentii
821 2702 868 2733 IV
895 2703 928 2733 et
949 2702 1124 2734 Benedicti
1138 2703 1189 2735 XI
1216 2704 1360 2735 Roman.
1378 2705 1444 2736 ΡΡ.
1471 2705 1539 2736 frui
1570 2705 1693 2737 debent
1710 2705 1890 2746 privilegio
1911 2706 1999 2737 dicto
2017 2706 2128 2737 ordini
2150 2715 2213 2746 per

610 2755 819 2787 Clementem
835 2755 902 2786 ΡΡ.
921 2755 967 2787 IV
987 2764 1147 2787 concesso
1164 2757 1200 2788 ut
1213 2757 1322 2788 nullis
1335 2758 1465 2789 ordinis
1481 2759 1517 2790 in
1533 2760 1736 2799 paupertate
1752 2759 1882 2790 fundati
1898 2758 2059 2790 fratribus
2075 2759 2212 2799 aliquod

610 2810 770 2846 monast„
788 2809 870 2840 eccl.
886 2809 939 2840 vel
963 2809 1150 2840 oratorium
1170 2819 1274 2850 prope
1298 2811 1410 2842 locum
1429 2812 1512 2843 dicti
1531 2812 1602 2844 ord.
1620 2813 1772 2852 praedicti
1787 2812 1876 2843 infra
1893 2812 2040 2852 spatium
2058 2822 2118 2844 cxi.
2135 2822 2211 2844 can·

611 2871 731 2894 narum
746 2863 942 2893 construere
958 2862 1085 2894 liceret.
1105 2863 1157 2902 (A.
1176 2865 1206 2900 8,
1220 2864 1242 2894 f.
1259 2866 1319 2896 364
1336 2864 1369 2900 b;
1396 2864 1426 2895 V.
1446 2867 1496 2903 67,
1517 2874 1569 2905 ep.
1589 2865 1673 2905 582.)

655 2913 767 2944 6379.
786 2933 824 2938 —
841 2915 1055 2956 Indulgentia
1070 2918 1232 2956 perpetua
1248 2918 1351 2949 unius
1360 2918 1441 2949 anni
1458 2918 1679 2950 visitantibus
1695 2919 1774 2949 eccl.
1793 2920 1936 2950 monast.
1955 2928 1984 2950 s.
2001 2919 2108 2950 Glarae
2125 2921 2211 2952 Nea-

611 2969 764 3009 politan.‚
784 2969 855 2999 ord.
885 2969 992 3008 ejusd.
1017 2970 1158 3007 sanctae,
1178 2970 1212 3001 in
1235 2970 1421 3002 festivitate
1440 2972 1539 3002 dictae
1558 2972 1687 3003 Sanctae
1703 2973 1735 3003 et
1751 2971 1786 3002 in
1802 2973 1928 3003 octava.
1948 2972 2000 3012 (A.
2014 2973 2045 3010 8,
2061 2973 2083 3003 f.
2101 2974 2160 3005 382
2174 2979 2211 3010 ³;

618 3022 653 3053 V.
671 3024 722 3059 67,
735 3031 786 3062 ep.
807 3023 867 3054 609
880 3023 932 3058 A,
953 3022 1071 3060 isabel,
1090 3022 1265 3054 Bullarium
1281 3023 1452 3062 Franci-sa,
1469 3026 1491 3056 t.
1511 3025 1552 3062 V,
1573 3034 1605 3064 p.
1624 3026 1692 3062 144,
1711 3033 1743 3056 n.
1763 3025 1847 3064 307.)

330 3076 476 3103 JOANNIS
494 3077 576 3104 XXII.
599 3094 631 3099 -
651 3076 682 3102 Τ.
704 3076 736 3103 II.
2038 3080 2070 3108 11
