2592 3562
394 318 452 349 164

422 405 522 433 Datum
552 401 735 435 Avenione.

461 612 498 639 19
516 613 583 639 maii
604 611 694 639 1318.

460 656 524 692 (xiv
544 656 603 684 kal.
618 656 695 693 jun.)

516 701 546 728 T.
566 701 636 728 xlll.

540 815 576 843 Ut
592 824 615 842 s.

521 860 552 887 T.
569 859 626 887 Xll.

537 975 572 1003 Ut
592 984 615 1003 s.

428 1021 435 1023 -
497 1020 526 1047 T.
546 1020 578 1054 x,
596 1020 652 1047 xii.

533 1188 570 1216 Ut
584 1181 614 1215 s.

519 1233 550 1260 Τ.
568 1233 626 1260 XII.

536 1457 572 1485 Ut
589 1465 612 1485 s.

514 1502 544 1529 T.
565 1502 634 1529 xlv.

460 1670 500 1697 20
517 1671 583 1696 maii
602 1669 690 1697 1318.

413 1717 482 1749 (x111
499 1715 557 1742 kal.
575 1714 673 1749 jun.);
691 1715 737 1742 Gr.

537 1857 569 1883 [t
595 1865 617 1883 s.

515 1902 544 1928 T.
566 1902 637 1928 XIV.

455 2124 493 2150 21
515 2125 582 2150 maii
603 2123 691 2152 1318.

463 2167 518 2203 (xli
538 2167 595 2195 kal.
614 2167 690 2204 jun.)

530 2213 559 2239 Τ.
582 2212 636 2239 xl..

537 2712 573 2739 Ut
589 2720 612 2739 s.

471 2757 501 2784 Τ.
519 2757 589 2790 xlv,
608 2756 679 2784 xvl.

1169 0 1555 27 “prs-,qrvvwcrwxj'wvywp
1574 3 1689 29 *5⁵2³*
1721 2 1733 14 ,ψ
1749 5 1830 30 <W
1865 8 1897 28 ,ἐκ
2089 23 2091 26 ¹

1893 29 1899 36 ⁸
1980 30 1990 39 5
2037 29 2047 39 ῐι

792 317 965 349 JOANNIS
989 319 1107 351 PAPAE
1129 320 1230 351 XXII.
1255 321 1505 361 (1316-1384).
1529 338 1568 345 —
1588 321 1776 354 LITTERAE
1799 321 2024 354 COMMUNES

824 508 984 548 degentes
1005 509 1040 539 in
1057 517 1108 546 eo,
1125 509 1215 540 ultra
1231 518 1331 550 quam
1351 510 1461 551 possit
1482 511 1657 543 commode
1677 513 1891 552 supportare,
1912 512 1945 544 in
1964 511 2274 553 procurationibus,
2294 512 2428 545 ratione

825 561 1032 592 visitationis
1047 561 1182 597 debitis,
1202 571 1266 594 non
1283 564 1436 603 gravent.
1450 563 1505 605 (A.
1522 565 1573 601 10.
1591 564 1614 596 s.
1631 566 1690 596 395
1707 564 1738 601 b;
1762 564 1793 597 V.
1810 567 1862 603 68,
1881 574 1935 606 ep.
1949 566 2055 605 2253.)

869 611 979 643 7271.
998 633 1035 637 -
1049 614 1090 645 Ν.
1107 625 1146 644 m.
1160 614 1290 646 Joannae
1305 615 1342 647 de
1359 616 1541 653 [alamur-ia,
1557 617 1726 648 Ebroicen.
1743 618 1802 656 di.,
1817 618 1980 658 indulget.
1998 621 2034 650 ut
2052 620 2199 651 monast.
2215 618 2425 651 sororumdo

826 668 940 708 Longo
959 677 1089 708 campo,
1107 669 1205 708 Juxta
1224 668 1384 706 Parisios,
1408 670 1479 703 ord.
1495 679 1523 702 s.
1539 671 1659 708 Clarae,
1673 680 1776 702 causa
1799 672 1962 703 visitandi
1977 672 2197 713 Margaritam
2209 674 2242 704 et
2258 673 2426 704 Joannam

825 721 865 752 de
883 721 1076 759 Brabantia‚
1093 722 1202 761 ipsius
1227 731 1419 763 germanam,
1434 724 1612 756 accedente
1628 725 1710 756 dicti
1734 726 1878 757 monast.
1895 724 2076 758 abbatissae
2093 733 2274 763 consensu,
2294 725 2425 766 ingredi

824 774 929 805 libere
945 774 1065 806 valeat.
1082 775 1135 814 (A.
1154 777 1202 812 10,
1220 775 1244 807 f.
1262 778 1322 808 396
1335 781 1367 814 ¹;
1389 777 1425 809 V.
1442 778 1494 814 68,
1513 786 1566 818 ep.
1584 778 1691 815 2254.)
1759 817 1763 823 ἡ

869 825 978 855 7272.
995 845 1033 849 -
1052 828 1159 859 Mariae
1173 829 1285 869 reqinae
1304 828 1446 861 Franciae
1462 830 1625 870 indulget.
1649 832 1697 867 ut.
1724 830 1858 870 quoties
1882 831 1991 871 ipsius
2017 832 2215 872 praedicator
2233 831 2265 864 ei
2283 831 2427 864 verbum

825 881 887 912 Dei
905 881 1130 919 nunciaverit,
1149 882 1308 914 omnibus
1331 883 1459 915 dictum
1481 883 1623 915 verbum
1648 883 1867 915 audientibus
1885 883 2014 925 indulg.
2029 885 2070 917 60
2086 885 2219 917 dierum
2243 884 2426 917 concedere

808 952 809 957 =
825 934 943 973 possit.
964 935 1015 972 (A.
1035 935 1084 970 10,
1102 934 1124 965 f.
1143 936 1203 967 396
1220 941 1251 973 ²3
1271 935 1307 967 V.
1325 937 1376 974 68,
1393 946 1445 977 ep.
1463 937 1574 977 2255.)

869 984 979 1016 7273.
995 1005 1033 1010 -
1049 988 1149 1020 Ρτον.
1166 998 1283 1021 canon.
1303 989 1367 1021 sub
1381 999 1477 1030 exsp.
1494 989 1596 1030 praeb.
1614 990 1694 1021 eccl.
1714 990 1894 1027 senonem,
1913 990 2043 1022 consid.
2061 991 2238 1032 archiep.i‚
2256 989 2426 1033 Radulplw

823 1040 860 1071 de
877 1039 1028 1082 capriaco
1045 1051 1118 1073 can.
1134 1042 1281 1082 praeben.
1297 1044 1331 1074 et
1347 1043 1550 1075 cancellario
1565 1043 1644 1075 eccl.
1664 1043 1844 1075 Carnoten.
1860 1061 1896 1067 -
1912 1043 1940 1075 Ι.
1957 1053 1985 1075 e.
2005 1052 2050 1075 m.
2068 1053 2096 1076 s.
2117 1044 2279 1076 Germani
2295 1044 2428 1076 dePra-
2473 1063 2478 1082 ς

823 1094 868 1126 tis
879 1094 979 1134 juxta
994 1095 1161 1133 parisius,
1179 1097 1212 1127 et
1229 1104 1258 1127 s.
1275 1096 1368 1128 Petri
1386 1105 1423 1128 ac
1441 1106 1469 1127 s.
1486 1097 1629 1128 Joannis
1645 1096 1680 1127 in
1697 1096 1842 1137 Valleya
1856 1097 2194 1130 Carnoten.monast.
2209 1097 2286 1129 abb.
2301 1097 2357 1138 (A.
2374 1097 2426 1135 10,

824 1147 847 1179 f.
865 1149 924 1179 396
941 1148 977 1184 ι);
999 1148 1033 1179 V.
1051 1150 1102 1187 68,
1123 1157 1175 1189 ep.
1189 1150 1295 1189 2257.)

868 1198 978 1230 7274.
997 1219 1036 1224 -
1053 1201 1160 1232 Mariae
1173 1203 1289 1243 reqinae
1313 1203 1452 1234 Franciae
1467 1211 1560 1234 conc.
1577 1205 1614 1234 ut
1631 1203 1672 1234 ad
1689 1203 1852 1235 ecclesias
1869 1204 1902 1234 et
1924 1205 2046 1235 coetera
2062 1204 2121 1244 pia
2135 1203 2221 1242 loca,
2239 1204 2276 1236 in
2301 1202 2429 1245 quihus

823 1255 1120 1295 peregrinantibus
1151 1256 1371 1297 indulgentiae
1396 1257 1638 1294 conceduntur,
1660 1249 1802 1288 tantum'
1817 1257 1983 1288 mittendo
2000 1258 2034 1289 et
2049 1257 2206 1289 donando
2221 1257 2307 1289 eisd.
2321 1265 2428 1298 quan-

822 1310 896 1340 tum
912 1317 1104 1348 expensura
1124 1309 1222 1344 foret,
1249 1310 1279 1341 si
1300 1310 1411 1350 ipsam
1439 1310 1619 1350 contigerit
1643 1309 1726 1341 illuc
1749 1310 1975 1350 personaliter
1997 1310 2181 1351 proficisci,
2200 1310 2282 1343 illas
2294 1309 2424 1352 indulg.

823 1365 1050 1402 consequatur
1064 1372 1149 1403 quas
1161 1366 1385 1395 consecutura
1399 1366 1492 1394 esset
1508 1363 1538 1394 si
1554 1363 1596 1394 ad
1611 1363 1691 1395 eccl.
1711 1365 1744 1395 et
1759 1363 1834 1395 loca
1849 1363 2009 1404 praedicta
2024 1363 2250 1404 personaliter
2265 1363 2428 1396 accessis-

823 1418 886 1448 set.
901 1417 953 1457 (A.
971 1419 1020 1454 77,
1035 1417 1058 1447 f.
1078 1419 1137 1448 537
1155 1416 1189 1453 Μ
1209 1417 1246 1448 V.
1265 1418 1315 1454 69,
1332 1426 1383 1456 ep.
1405 1418 1483 1449 1577
1501 1416 1559 1457 Α.)

868 1467 979 1499 7275.
992 1489 1031 1494 -
1050 1470 1124 1501 Eid.
1141 1470 1306 1510 indulget.
1322 1472 1359 1501 ut
1373 1470 1474 1501 liceat
1490 1470 1533 1508 ei,
1553 1469 1687 1510 quoties
1701 1470 1862 1509 voluerit,
1877 1470 2002 1511 eligere
2019 1470 2250 1502 confessorem
2264 1470 2319 1503 cui
2332 1478 2429 1503 conc.

823 1523 924 1555 facul.
940 1532 1014 1555 eam
1029 1519 1226 1555 absolvendi
1244 1524 1277 1554 in
1295 1523 1453 1555 omnibus
1473 1523 1611 1555 casibus
1634 1523 1737 1555 etiam
1756 1524 1845 1564 ep.is
1875 1523 2060 1555 reservatis
2077 1525 2111 1555 et
2134 1523 2176 1555 ab
2198 1532 2332 1556 excom.
2350 1531 2428 1556 sen-

823 1578 941 1609 tentiis
958 1587 977 1608 a
991 1586 1116 1609 canone
1132 1577 1368 1617 promulgatis,
1390 1577 1419 1607 si
1437 1586 1522 1617 quas
1540 1577 1733 1615 incurrerit,
1754 1577 1823 1608 nisi
1840 1577 1924 1609 talia
1939 1577 2067 1608 fuerint
2082 1579 2221 1617 propter
2237 1586 2312 1618 quae
2332 1577 2370 1610 S.
2382 1577 2426 1610 A.
2446 1589 2449 1591 ⁴

824 1633 914 1662 esset
931 1631 1052 1662 merito
1076 1631 1293 1662 consulenda.
1309 1631 1360 1669 (A.
1383 1633 1433 1666 77,
1449 1630 1472 1661 f.
1494 1632 1555 1662 537
1571 1630 1608 1668 ¹³3
1632 1630 1666 1660 V.
1684 1632 1736 1668 69,
1753 1639 1806 1670 ep.
1825 1632 1903 1662 1577
1922 1630 1975 1670 Β.)

869 1682 979 1714 7276.
994 1704 1033 1708 —
1059 1684 1220 1716 Guillelmo
1244 1694 1313 1724 ep.o
1332 1683 1496 1715 caturcen.
1517 1684 1632 1715 mand.
1648 1685 1686 1715 ut
1710 1684 1861 1715 conferat
1876 1685 2054 1715 tonsuram
2071 1683 2174 1716 Petro
2188 1683 2229 1715 de
2245 1683 2323 1722 Via.
2338 1683 2428 1717 liste-

824 1740 909 1779 rato,
926 1739 1004 1769 nato
1024 1748 1057 1769 n.
1078 1749 1107 1769 v.
1125 1738 1217 1769 Petri
1236 1738 1276 1769 de
1298 1738 1375 1776 Via,
1394 1738 1509 1777 nepoti
1525 1738 1606 1775 ΡΡ.,
1633 1738 1783 1768 nondum
1804 1746 1850 1768 vn
1878 1746 1985 1768 annos
2009 1737 2120 1769 aetatis
2142 1746 2212 1768 suae
2226 1735 2376 1776 habenti,
2393 1738 2428 1770 et

823 1794 920 1824 extra
936 1801 1033 1823 suam
1051 1792 1096 1822 di.
1117 1791 1310 1822 constituto.
1331 1791 1384 1832 (A.
1401 1793 1432 1828 9,
1449 1791 1471 1823 f.
1490 1792 1528 1822 18
1547 1796 1580 1828 ¹³3
1607 1790 1640 1821 V.
1657 1791 1710 1828 68,
1727 1799 1779 1830 ep.
1798 1790 1904 1830 1198.)

868 1843 890 1875 7
893 1843 977 1875 277.
996 1864 1032 1868 —
1047 1845 1087 1875 Ν.
1102 1856 1140 1876 m.
1160 1844 1295 1880 Blancae,
1312 1849 1392 1874 natae
1405 1844 1432 1876 b.
1450 1843 1600 1875 Ludovici
1615 1844 1797 1884 confessoris
1809 1843 2001 1881 Francorum
2015 1844 2110 1884 reqis,
2131 1843 2254 1876 indult.
2272 1842 2428 1890 *eligendi

824 1899 1053 1931 confessorem
1070 1899 1127 1938 qui
1153 1907 1227 1929 eam
1245 1899 1280 1929 in
1302 1897 1439 1929 casibus
1462 1898 1565 1929 etiam
1582 1898 1672 1938 ep.is
1694 1897 1890 1934 reservatis,
1907 1898 1940 1928 et
1957 1896 1999 1928 ab
2026 1905 2158 1928 excom.
2174 1896 2355 1928 sententiis
2369 1895 2425 1929 ab·
2488 1920 2491 1923 .
2522 1888 2535 1926 ξ.

824 1954 945 1990 solvat,
967 1962 1095 1984 necnon
1123 1955 1202 1983 vota
1228 1951 1524 1992 peregrinationis,
1545 1950 1760 1982 abstinentiae
1777 1953 1808 1982 et
1825 1951 1903 1988 alia,
1917 1950 2192 1982 Jerosolimitano
2215 1950 2248 1982 et
2266 1950 2428 1983 ultrama-

824 2007 897 2038 rino
915 2016 952 2037 ac
969 2006 1184 2037 continentia}
1203 2006 1292 2037 votis
1301 2006 1478 2036 dumtaxat
1488 2005 1655 2044 exceptis,
1673 2005 1870 2039 commutet,
1887 2013 1925 2035 ac
1941 2003 2056 2035 omnia
2067 2005 2279 2036 sacramenta
2292 2003 2428 2044 quoties

825 2061 926 2092 fuerit
941 2062 1168 2100 opportunum
1186 2059 1216 2090 ei
1241 2059 1422 2090 ministret.
1438 2059 1492 2099 (A.
1511 2059 1559 2092 10,
1577 2058 1599 2088 f.
1617 2059 1676 2090 397
1692 2063 1728 2095 ³3
1750 2058 1786 2088 V.
1800 2059 1852 2094 68,
1869 2066 1921 2097 ep.
1940 2057 2046 2097 2258.)
2451 2097 2454 2098 ⁷

868 2113 879 2125 ³
896 2111 1005 2143 7278.
1025 2133 1063 2136 —
1081 2113 1248 2148 Lectoren.‚
1267 2112 1428 2153 Aqennen.
1446 2122 1481 2142 ac
1498 2111 1699 2142 Condomien.
1719 2110 1918 2150 officialibuS.
1935 2111 2014 2142 Fuit
2032 2110 2227 2150 expositum
2249 2119 2311 2150 pro
2333 2112 2429 2151 parte

822 2168 964 2200 Joannis
982 2167 1137 2198 Fornerii
1158 2168 1191 2197 et
1209 2166 1385 2198 Guillelmi
1403 2166 1520 2203 Bruni,
1547 2173 1641 2196 mon.
1667 2167 1812 2196 monast.
1838 2173 1866 2195 s.
1890 2164 2050 2201 Maurini,
2069 2164 2111 2196 O.
2129 2164 2163 2196 S.
2181 2165 2235 2200 B..
2252 2165 2426 2204 Agennen.

823 2222 883 2259 di.,
900 2221 958 2261 qui
974 2221 1016 2252 ad
1037 2220 1068 2251 S.
1090 2222 1130 2252 A.
1153 2219 1379 2260 personaliter
1406 2220 1635 2254 accesserunt,
1655 2218 1744 2258 quod
1769 2217 1873 2249 frater
1889 2218 2071 2255 Jordanus,
2090 2217 2167 2250 abb.
2184 2217 2266 2249 dicti
2282 2217 2427 2249 monast.

823 2276 911 2307 bona
933 2277 1002 2306 tam
1026 2274 1167 2305 mobilia
1195 2282 1297 2313 quam
1325 2271 1516 2303 immobilia
1544 2272 1652 2312 ejusd.
1671 2273 1814 2302 monast.
1835 2271 2000 2311 dilapidat
2017 2279 2055 2302 ac
2079 2271 2216 2308 alienat,
2243 2278 2376 2302 necnon
2391 2270 2428 2302 in

824 2330 977 2361 diversos
994 2328 1080 2359 alios
1094 2327 1246 2358 defectus
1261 2326 1407 2357 elabitur
1423 2318 1632 2357 verberando
1651 2325 1760 2356 dictos
1775 2333 1881 2362 mon„
1900 2326 1933 2356 et
1950 2324 2170 2364 percutiendo
2183 2323 2290 2361 eosd.,
2304 2332 2343 2356 ac
2357 2323 2427 2358 die-

823 2386 878 2415 tus
904 2382 981 2413 abb.
998 2381 1250 2412 incontinentiae
1268 2380 1350 2410 vitio
1367 2379 1510 2417 laborat,
1526 2378 1756 2419 permittendo
1773 2378 1864 2418 quod
1881 2378 2019 2417 quidam
2035 2386 2140 2414 mon..
2157 2377 2243 2408 socii
2260 2378 2293 2409 et
2307 2375 2422 2409 contu·
2444 2406 2448 2407 .

822 2436 979 2468 bei-nales
1005 2435 1115 2474 ipsius
1132 2435 1269 2465 teneant
1293 2441 1397 2473 prope
1425 2433 1572 2464 monast.
1591 2431 1727 2471 publice
1749 2431 1967 2468 concubinaS,
1984 2433 2016 2462 et
2034 2431 2102 2462 alia
2121 2430 2258 2461 diversa
2282 2429 2427 2462 crimina

822 2490 989 2530 patravit3
1007 2488 1094 2519 unde
1118 2487 1255 2518 mandat
1280 2487 1348 2517 ΡΡ.
1367 2486 1452 2517 eisd.
1470 2487 1506 2516 ut
1528 2494 1565 2517 se
1583 2485 1771 2516 informent
1797 2493 1900 2524 super
1927 2483 2128 2524 praemissis,
2146 2484 2179 2515 et
2198 2483 2378 2516 veritatem
2390 2483 2427 2515 in

823 2543 960 2583 scriptis
976 2542 1145 2573 redactam
1161 2541 1226 2572 ΡΡ.
1245 2540 1412 2577 nuntient,
1431 2548 1468 2570 ac
1485 2539 1588 2570 etiam
1602 2539 1706 2570 citent
1722 2538 1831 2569 dictos
1850 2537 1926 2569 abb.
1942 2538 1975 2568 et
1984 2537 2071 2568 alios
2086 2534 2275 2576 culpabiles
2289 2538 2326 2569 ut
2335 2536 2428 2571 infra

822 2598 1007 2631 terminum
1022 2594 1290 2635 peremptorium
1308 2594 1554 2633 competentem
1569 2591 1796 2632 personaliter
1813 2592 1923 2631 apost.
1941 2590 2136 2630 conspectui
2155 2598 2191 2622 se
2205 2591 2423 2630 praesentent.

823 2653 876 2694 (A.
894 2653 924 2687 9,
942 2650 964 2682 f.
982 2650 1042 2680 208
1058 2654 1094 2683 ³;
1116 2647 1149 2678 V.
1167 2649 1218 2685 68,
1237 2656 1289 2686 ep.
1309 2646 1414 2685 1142.)

868 2701 978 2734 7279.
995 2722 1034 2727 -
1051 2701 1198 2734 Monaldo
1217 2701 1252 2732 de
1270 2700 1447 2732 Castrotino
1472 2699 1560 2731 conf.
1584 2698 1719 2739 paroch.
1748 2698 1829 2730 eccl.
1855 2698 1895 2730 de
1911 2698 2032 2736 Baure,
2048 2697 2197 2729 Vauren.
2215 2697 2273 2735 di.,
2292 2696 2425 2735 consid.

823 2758 1014 2798 Margaritae
1030 2755 1213 2788 comitissae
1229 2755 1329 2792 Fuxi,
1346 2756 1378 2785 et
1393 2753 1653 2785 vicecomitissae
1668 2752 1804 2789 Bearni,
1821 2751 1918 2792 quus
1941 2751 2024 2782 cler.
2040 2750 2178 2788 existit;
2196 2750 2321 2782 dictam
2339 2750 2427 2783 eccl.

822 2811 995 2844 Arnaldus
1009 2810 1049 2842 de
1069 2810 1173 2841 Basta
1194 2808 1292 2848 juxta
1307 2804 1440 2839 constit.
1461 2815 1563 2846 super
1586 2805 1710 2846 plurai.
1730 2804 1841 2837 benef.
1862 2803 1995 2836 dimisit
2003 2812 2013 2842 ;
2030 2812 2098 2835 non
2122 2803 2210 2835 obst.
2226 2803 2317 2844 quod
2331 2803 2426 2836 idem

823 2865 1002 2897 Monaldus
1023 2864 1059 2894 in
1077 2863 1214 2895 Oloren.
1239 2862 1271 2892 et
1300 2862 1340 2892 de
1368 2861 1480 2898 Jacca,
1505 2860 1624 2892 Oscen.
1649 2859 1709 2896 di.,
1735 2858 1816 2890 eccl.
1839 2866 1958 2890 canon.
1979 2856 2130 2889 obtineat
2148 2858 2181 2888 et
2195 2856 2312 2897 praeb.,
2328 2865 2368 2888 ac
2382 2856 2424 2890 de
2484 2871 2486 2873 ·
2507 2863 2511 2865 ⁴

823 2919 957 2959 paroch.
977 2917 1057 2949 eccl.
1076 2917 1117 2947 de
1135 2925 1162 2946 s.
1183 2914 1370 2952 Leomrdo,
1387 2914 1562 2945 Lectoren.
1582 2913 1641 2950 di.,
1660 2912 1764 2943 fuerit
1780 2911 1848 2952 ipsi
1862 2911 2050 2952 provisum,
2068 2911 2165 2951 cujus
2191 2910 2425 2950 possessione,

818 2973 890 3013 jam
908 2972 1024 3011 elapso
1042 2969 1201 3006 triennio,
1218 2968 1283 2999 fuit
1301 2969 1334 2998 et
1349 2967 1456 2998 adhuc
1474 2969 1525 2998 est
1541 2967 1720 3006 spoliatus,
1739 2965 1898 3005 quodque
1913 2964 1982 3004 ipsi
2007 2964 2048 2995 de
2066 2972 2186 2996 canon.
2201 2963 2282 2995 eccl.
2299 2963 2423 2996 Oscen.

822 3027 890 3059 ΡΡ.
917 3023 1104 3065 providerit
1130 3023 1193 3054 sub
1224 3030 1320 3061 exsp.
1352 3021 1467 3061 praeb.‚
1492 3021 1597 3061 dign.,
1614 3020 1816 3059 personatus
1843 3027 1903 3050 seu
1935 3018 2004 3054 off„
2024 3018 2059 3048 in
2090 3017 2180 3049 dicta
2214 3017 2335 3050 Oscen.
2360 3016 2439 3056 di.,„
