2592 3562
350 361 410 391 272
561 360 813 392 APPENDICES
835 361 891 393 AD
913 360 1135 393 SECUNDUM
1157 359 1306 392 ANNUM
1328 359 1522 392 BULLARH
1543 360 1718 393 JOANNIS
1740 360 1841 392 XXI!-
1865 378 1903 384 —
1925 362 2165 400 (1316-1884)

899 715 1358 771 APPENDICES
1402 717 1499 771 Ao
1539 696 1943 772 SECUNDUM
1989 715 2251 773 ANNUM

1123 863 1473 919 BULLARII
1517 862 1828 919 JOANNIS
1873 862 2026 918 xxn

1554 1160 1585 1210 I

770 1285 1003 1317 Instrumenta
1018 1282 1234 1317 miscellanea
1257 1285 1422 1318 Vaticana
1435 1294 1510 1328 quae
1526 1285 1562 1316 in
1581 1282 1723 1328 capsula
1738 1293 1907 1317 annorum
1924 1281 2124 1319 1316-1317
2139 1283 2371 1330 reperiuntur.

372 1506 475 1534 Datum
493 1502 676 1536 Avenione,
816 1494 926 1526 835⁷.
946 1513 984 1519 —
999 1496 1206 1528 Constitutio
1222 1496 1365 1528 Joannis
1390 1496 1489 1527 XXII
1504 1504 1607 1535 super
1622 1495 1798 1527 validitate
1815 1495 2002 1535 gratiarum
2023 1504 2120 1536 exsp.
2140 1497 2217 1528 ante
2233 1496 2374 1530 divisio-

418 1555 456 1583 30
471 1558 525 1582 oct.
543 1555 631 1587 1317.
771 1559 848 1581 nem
863 1551 1059 1581 dioecesium
1077 1558 1326 1581 concessarum.
1348 1549 1447 1589 (Θήρ.
1460 1558 1551 1590 perq.
1570 1558 1726 1589 maynum,
1746 1557 1779 1580 n.
1800 1550 1841 1581 39
1846 1558 1856 1585 ;
1875 1548 1936 1580 cfr.
1955 1557 1987 1580 n.
2005 1549 2110 1588 8132.)

414 1604 459 1635 (111
478 1601 537 1627 kal.
560 1601 639 1632 nov.)

358 1662 594 1697 11(11n0n.)nov.
609 1662 698 1695 1317,
814 1656 926 1687 8358.
944 1675 983 1680 -
1008 1657 1138 1688 Littera
1153 1656 1311 1688 officialis
1327 1655 1552 1695 Burdegalen.
1571 1655 1748 1687 continens
1775 1665 1799 1686 ιι
1828 1654 2020 1686 inventaria
2047 1654 2215 1687 bonorum
2245 1656 2371 1697 quond.

342 1707 388 1734 die
400 1707 512 1756 veneris
526 1710 591 1742 post
603 1707 711 1735 festum
770 1712 965 1752 Raymundi
986 1711 1101 1748 Fabri,
1126 1719 1198 1742 can.
1228 1710 1308 1741 eccl.
1338 1719 1364 1740 s.
1394 1709 1550 1740 Severini
1575 1708 1812 1748 Burdegalen„
1833 1708 1921 1739 facta
1935 1717 1996 1748 per
2019 1717 2110 1749 mag.
2127 1709 2317 1741 Arnaldum
2330 1709 2372 1742 de

410 1751 546 1779 ommum
566 1752 593 1779 S.
610 1751 637 1779 S·
769 1767 907 1802 Gressa,
925 1765 1004 1796 cler.
1022 1765 1233 1796 Xanctonen.
1250 1764 1308 1800 di„
1325 1763 1413 1794 auct.
1430 1762 1602 1802 imperiali
1619 1764 1688 1793 not.
1707 1761 1894 1802 publicum,
1911 1761 1946 1793 in
1962 1762 2165 1793 sacristania
2178 1762 2276 1794 dictae
2288 1762 2371 1795 eccl.

770 1820 824 1850 die
839 1824 927 1850 xvua
943 1819 997 1849 die
1015 1818 1176 1849 introitus
1190 1809 1320 1848 men'sis
1337 1816 1486 1848 octobris
1503 1825 1557 1847 an.
1575 1817 1664 1848 1317.
1685 1814 1787 1856 (Or-iq.
1803 1825 1891 1856 perq.
1907 1815 2032 1855 lonqum
2044 1824 2078 1847 n.
2093 1817 2145 1854 36,
2161 1824 2239 1847 cum
2256 1815 2371 1856 sigillo

770 1881 866 1904 cereo
880 1871 1072 1912 pendente.)

411 1929 451 1957 29
468 1938 530 1972 noe.
551 1930 638 1959 1317.
815 1923 927 1955 8359.
946 1943 983 1948 -
994 1926 1180 1956 Processus
1193 1923 1300 1955 habiti
1314 1933 1374 1963 per
1384 1923 1575 1955 Guidonem
1590 1924 1709 1954 Asten.
1725 1923 1757 1954 et
1773 1922 1919 1953 Leonem
1934 1922 2076 1954 Cuman.
2086 1930 2183 1962 ep.os
2193 1921 2248 1962 (de
2256 1923 2372 1956 mand.

770 1980 882 2019 Papae,
913 1979 1010 2019 cujus
1038 1979 1172 2015 litterae,
1199 1977 1262 2008 sub
1280 1977 1358 2008 data
1376 1986 1421 2007 vn
1444 1977 1489 2008 id.
1518 1978 1582 2008 oct.
1602 1978 1636 2008 et
1651 1985 1672 2006 v
1695 1976 1742 2007 id.
1763 1978 1828 2007 oct.
1849 1984 1868 2006 a
1891 1980 1928 2005 11⁹
1945 1975 2115 2013 confectae,
2141 1975 2178 2006 in
2194 1977 2372 2008 extensum

770 2033 998 2073 reperiuntur)
1026 2033 1142 2063 contra
1168 2031 1348 2062 Mathaeum
1375 2030 1619 2062 vicecomitem
1645 2029 1885 2065 Mediolanen.‚
1914 2028 1955 2060 ab
1982 2028 2131 2060 Henrico
2153 2028 2370 2068 imperatore,

768 2089 848 2118 tunc
863 2086 1094 2118 Romanorum
1112 2093 1201 2125 rege,
1215 2085 1250 2115 in
1265 2084 1358 2115 civit.
1375 2083 1601 2115 Mediolanen.
1618 2083 1746 2114 vicario
1761 2083 1958 2119 constituto,
1974 2082 2033 2122 qui
2048 2081 2113 2113 sub
2127 2081 2240 2114 colore
2253 2082 2371 2123 hujus·

769 2140 860 2171 modi
876 2139 1060 2170 vicariatus
1086 2138 1141 2169 off.
1160 2137 1296 2178 publica
1311 2146 1432 2177 guerra
1449 2137 1542 2168 mota
1558 2145 1592 2167 n.
1619 2145 1651 2167 v.
1676 2136 1920 2176 Philipponum
1938 2135 2096 2167 comitem
2113 2135 2154 2166 de
2181 2136 2372 2176 Langusco.

767 2194 787 2225 J
791 2201 933 2224 oannem
952 2192 991 2223 de
1016 2193 1064 2223 La
1088 2192 1207 2225 Turre,
1224 2191 1398 2222 Oddonem
1417 2191 1456 2222 de
1472 2191 1519 2221 La
1535 2190 1654 2226 Turre,
1676 2189 1916 2221 Amorantium
1932 2189 2043 2220 filium
2057 2189 2183 2229 quond.
2203 2188 2372 2221 Gnidonis

768 2247 808 2278 de
822 2247 870 2277 La
886 2247 1006 2282 Turre,
1025 2248 1056 2276 et
1073 2245 1190 2285 plures
1203 2245 1290 2276 alios
1305 2254 1345 2276 ex
1360 2243 1492 2275 familia
1505 2244 1545 2275 de
1559 2244 1607 2275 La
1621 2244 1729 2275 Turre
1743 2251 1926 2283 eorumque
1943 2250 2117 2282 sequaces,
2133 2241 2175 2274 R.
2188 2241 2228 2274 E.
2239 2242 2370 2281 fideles,

769 2300 894 2331 carceri
911 2299 1129 2339 mancipavit,
1151 2307 1237 2338 quos
1252 2298 1332 2329 licet
1350 2298 1537 2337 requisitus
1553 2306 1572 2328 a
1588 2296 1765 2334 Pontifice,
1785 2297 1831 2327 id.
1847 2296 2012 2327 Mathaeus
2030 2295 2138 2327 adhuc
2153 2295 2282 2327 detinet
2297 2303 2373 2336 cap-

766 2355 906 2389 tivatos;
923 2352 1078 2392 sequitur
1096 2352 1211 2383 littera
1225 2351 1376 2391 praedicti
1387 2351 1554 2382 Gnidonis
1569 2350 1650 2390 ep.i,
1663 2350 1742 2381 data
1755 2351 1791 2381 in
1802 2350 1922 2381 Castro
1937 2350 2019 2381 Ben.
2035 2357 2059 2380 x
2070 2348 2154 2380 febr.
2167 2348 2267 2389 (Or-iq.
2279 2358 2368 2390 per-q.

770 2408 906 2447 lonqum,
925 2415 957 2437 n.
971 2406 1037 2444 ⁴2.)

419 2461 454 2489 19
471 2462 529 2490 dec.
550 2463 638 2491 1317.
813 2457 924 2489 8360.
949 2476 986 2482 -
1009 2459 1279 2489 Instrumentum
1299 2458 1493 2498 Ugutionis‚
1520 2457 1583 2488 filii
1607 2457 1732 2498 quond.
1751 2456 1919 2496 Albrigeti
1938 2456 1979 2488 de
2001 2457 2154 2488 contrata
2171 2464 2199 2487 s.
2223 2455 2369 2494 Nicolai,

768 2514 857 2545 sacri
874 2512 994 2553 palatii
1012 2513 1080 2543 not.
1103 2513 1134 2543 et
1159 2511 1318 2542 officialis
1337 2511 1542 2551 episcopalis
1562 2511 1663 2542 curiae
1690 2510 1855 2547 Paduan.,
1873 2510 2050 2541 continens
2075 2507 2311 2549 receptionem'
2331 2517 2371 2540 m

768 2568 834 2599 litt.
854 2566 996 2599 Arnaldi
1019 2565 1087 2605 ep.i
1105 2564 1284 2601 Albanen„
1305 2564 1406 2604 Papae
1421 2564 1614 2601 camerarii,
1633 2564 1839 2595 directarum
1856 2564 1992 2604 Pagano
2008 2571 2084 2603 ep.0
2099 2563 2264 2601 Paduan.,
2279 2562 2372 2595 scili-

768 2623 820 2652 cet
838 2621 940 2651 unius
955 2619 1041 2650 datae
1060 2618 1228 2650 Avinione
1240 2618 1294 2649 die
1309 2619 1346 2649 10
1362 2618 1491 2649 mensis
1506 2627 1583 2650 nov,
1603 2619 1681 2649 1317
1698 2626 1800 2657 super
1817 2617 2008 2656 receptione
2021 2617 2099 2648 1200
2113 2616 2187 2648 flor.
2201 2616 2276 2648 auri
2286 2616 2371 2648 recti

767 2674 928 2714 ponderis
940 2673 1105 2709 Paduan.,
1122 2671 1288 2712 (exceptis
1301 2672 1340 2703 38
1353 2680 1499 2711 quorum
1511 2673 1549 2702 33
1561 2672 1653 2702 stant
1665 2671 1699 2702 in
1710 2672 1834 2711 puncto
1848 2670 2020 2710 ponderis,
2037 2671 2069 2701 et
2084 2671 2103 2701 5
2119 2669 2371 2710 aliquantulum

768 2729 858 2759 retro
877 2726 1067 2766 punctum),
1085 2727 1118 2756 et
1132 2725 1192 2756 308
1211 2725 1411 2756 ducatorum
1426 2725 1511 2762 auri,
1530 2733 1633 2765 quam
1648 2724 1827 2764 pecuniam
1846 2724 1893 2755 id.
1917 2732 2016 2763 ep.us
2030 2723 2182 2755 Paduan.
2205 2723 2333 2763 recepit
2350 2731 2372 2755 a

767 2781 952 2813 Guillelmo
968 2779 1009 2810 de
1024 2778 1164 2810 Balaeto
1180 2787 1251 2809 can.
1267 2778 1348 2809 eccl.
1365 2778 1406 2809 de
1421 2787 1449 2809 s.
1466 2778 1616 2816 Asteri0‚
1635 2778 1885 2818 petragoricen.
1900 2777 1960 2819 di„
1978 2777 2012 2808 S.
2027 2777 2067 2807 A.
2084 2776 2214 2814 nuntio,
2229 2776 2371 2816 promit-

767 2835 844 2865 tens
862 2841 937 2864 eam
953 2832 1089 2864 restitui
1118 2831 1401 2871 quandocumque
1429 2831 1618 2871 requisitus
1638 2831 1771 2862 fuisset.
1787 2848 1827 2853 —
1843 2830 1883 2861 In
1899 2830 2007 2862 altera
2030 2829 2093 2861 litt.
2113 2829 2178 2860 sub
2194 2829 2269 2861 eod.
2290 2829 2369 2862 dato

768 2887 930 2927 praefatus
943 2885 1151 2917 camerarius
1163 2884 1299 2915 mandat
1313 2884 1379 2915 eid.
1395 2893 1470 2924 ep.0
1482 2886 1518 2916 ut
1531 2885 1728 2924 praedictam
1741 2884 1920 2924 pecuniam
1931 2883 2090 2915 restituat
2105 2891 2247 2915 camerae
2257 2884 2367 2924 apost.

767 2958 806 2962 —
822 2940 861 2970 In
879 2939 981 2970 tertia
997 2938 1133 2970 tandem
1146 2937 1227 2979 litt„
1245 2937 1324 2969 data
1339 2938 1394 2969 die
1408 2939 1428 2968 8
1441 2938 1571 2969 mensis
1590 2946 1666 2969 nov.
1684 2947 1714 2969 a.
1736 2939 1824 2975 1317,
1840 2937 1887 2968 id.
1903 2936 2111 2968 camerarius
2127 2937 2264 2968 mandat
2278 2937 2368 2968 dicto

768 3001 844 3032 ep.0
863 2993 1016 3023 Paduan.
1036 2993 1074 3023 ut
1094 2991 1274 3031 compellat
1293 2991 1480 3031 capitulum
1497 2991 1577 3023 eccl.
1602 2991 1754 3022 Paduan.
1775 2991 1814 3022 ut
1839 2990 2021 3022 restituant
2042 2990 2180 3022 residua
2201 2990 2367 3022 bonorum

769 3055 843 3086 quae
856 3046 1016 3086 praefatus
1031 3044 1171 3076 nuntius
1185 3052 1289 3085 penes
1305 3044 1399 3084 ipsos
1417 3044 1631 3084 deposuerat.
1648 3044 1750 3085 (Θήρ.
1764 3053 1851 3085 perq.
1868 3053 2023 3084 maynum,
2041 3052 2075 3075 n.
2092 3043 2158 3084 37.)
