2592 3562
332 323 389 354 ¹20
572 358 580 362 ⁵
733 321 909 353 JOANNIS
931 321 1051 353 PAPAE
1073 321 1175 353 xxu.
1201 322 1449 361 (1816-1834).
1471 341 1510 346 —
1533 321 1720 353 LITTERAE
1742 321 1969 353 COMMUNES

365 410 468 437 Datum
486 406 670 439 Avem'one.

727 500 729 504 ’
759 509 833 547 ejus
862 509 972 540 filium
991 511 1260 549 consanguineos
1281 509 1362 542 dicti
1377 510 1447 551 ep.i
1462 511 1495 542 et
1512 510 1675 547 fautores,
1699 510 1758 551 qui
1773 510 1960 542 Henricum
1980 511 2022 542 de
2041 511 2269 552 praepositura
2282 510 2363 542 eccl.

727 587 729 590 .
758 562 1004 602 Lutinaricen.‚
1029 563 1169 603 Pragen.
1201 562 1262 598 di.,
1291 562 1495 603 spoliarunt,
1519 565 1552 595 et
1575 572 1650 596 eam
1667 564 1808 604 deJectis
1831 573 1915 595 xvnr
1934 563 2170 596 sacerdotibus
2189 564 2223 595 et
2236 572 2274 594 αι.
2292 571 2363 595 sco-

759 615 889 646 laribus
918 615 1160 647 miserabiliter
1186 615 1440 654 destruxerunt,
1473 616 1620 657 supplic.
1647 617 1721 648 eod.
1749 617 1910 649 Henrico.
1934 617 1988 657 (A.
2012 618 2044 655 8,
2070 616 2093 648 f.
2119 617 2180 649 399
2203 621 2218 638 ⁸
2225 626 2236 653 ;
2258 616 2295 648 V.
2313 618 2364 653 67.

728 687 729 698 2
760 677 812 708 ep.
831 669 918 707 7¹9.)

339 726 414 763 2<1v
428 727 508 758 non.)
522 734 584 762 apr.
603 725 689 753 1318.
804 719 916 751 6813.
939 740 977 744 -
998 723 1098 753 Prov.
1115 731 1234 754 canon.
1254 722 1318 754 sub
1336 731 1433 764 exsp.
1454 723 1557 763 praeb.
1581 731 1619 754 ac
1638 723 1745 763 dign„
1762 731 1823 754 seu
1840 725 2056 764 personatus,
2076 723 2129 755 vel
2144 723 2200 755 off.
2220 731 2248 755 c.
2266 731 2295 754 c.
2311 722 2367 754 vel

419 771 450 798 T.
466 770 524 804 xli,
541 770 610 797 xlv.
728 767 729 770 ’
761 783 788 806 s.
807 784 835 805 c.
851 775 932 806 eccl.
951 775 1072 807 Oscen.
1087 775 1206 806 loanni
1217 781 1290 807 nato
1305 786 1335 807 n.
1352 786 1382 806 v.
1399 775 1488 807 Petri
1500 776 1537 808 de
1550 776 1632 818 Boyl
1646 775 1726 813 mil„
1745 776 1804 816 qui
1820 785 1939 808 canon.
1954 778 1988 808 et
2003 775 2122 817 praeh„
2139 784 2269 808 necnon
2283 784 2368 816 prae-

728 841 729 863 1
759 828 950 867 posituram
967 829 1041 860 sive
1061 831 1252 861 mensutam
1269 838 1343 870 quae
1359 838 1421 861 nec
1435 830 1527 870 dign.
1550 838 1610 861 nec
1626 832 1831 870 personatus
1849 829 1982 867 existit,
1997 829 2034 861 in
2049 829 2268 862 valentinen.
2284 828 2365 862 eccl.

728 872 730 926 ’ἱ
760 881 924 913 obtineat.
943 899 982 904 —
995 881 1022 914 1.
1043 891 1072 914 e.
1093 891 1136 913 m.
1154 891 1231 923 ep.o
1251 883 1433 919 Valentin.‚
1452 885 1486 915 et
1500 882 1608 923 priori
1624 883 1659 915 S.
1679 883 1722 914 M.
1746 882 1923 920 Damten„
1938 883 2233 923 caesaraugustan.
2252 882 2313 920 di.,
2329 890 2369 914 ac
2391 889 2398 895 ⁴

761 934 887 966 archid.
904 935 945 966 de
958 935 1100 967 Turolio
1114 936 1150 967 in
1166 936 1246 967 eccl.
1264 936 1558 977 Caesaraugustan.
1578 937 1630 976 (A.
1648 937 1680 973 8,
1696 936 1719 967 f.
1736 937 1797 966 422
1812 935 1826 957 b
1834 945 1844 972 3
1867 935 1901 966 V.
1916 937 1969 971 67,
1986 944 2039 976 ep.
2052 936 2139 975 800.)

478 992 512 1019 Ut
529 1000 553 1018 s.
728 979 731 1020 ξ
805 985 917 1017 6814.
935 1006 974 1011 -
992 989 1105 1020 Mand.
1125 999 1197 1030 ep.o
1211 989 1392 1021 Laudunen.
1409 992 1446 1021 ut
1459 998 1567 1030 epos,
1586 989 1738 1027 abbates,
1758 988 1952 1020 abbatissas
1967 991 2000 1021 et
2015 988 2104 1021 alios
2121 989 2317 1021 detentores
2330 997 2370 1022 ac

462 1037 493 1064 T.
515 1036 571 1063 XX·
729 1051 731 1085 ξ
761 1044 981 1081 occupatores
998 1051 1112 1074 rerum
1127 1044 1159 1074 et
1173 1042 1341 1074 bonorum
1355 1042 1388 1074 b.
1404 1051 1470 1074 me.
1487 1043 1649 1082 Stephani
1666 1051 1694 1073 s.
1714 1042 1850 1083 Cyriaci
1866 1042 1902 1074 in
1916 1041 2054 1074 Termis
2070 1041 2184 1083 presb.
2199 1042 2290 1074 card.
2309 1050 2370 1082 per

729 1090 731 1133 ἒ,
761 1104 940 1126 censuram
952 1096 1142 1128 ecclesiast.
1157 1096 1338 1137 compellat
1353 1096 1395 1128 ad
1406 1096 1660 1128 restitutionem
1675 1095 1843 1127 dictorum
1860 1104 1974 1127 rerum
1985 1096 2018 1127 et
2033 1094 2200 1127 bonorum
2211 1095 2248 1127 iu
2262 1095 2371 1127 mani·

730 1155 731 1158 ’
761 1149 826 1180 bus
844 1149 976 1181 Nicolai
994 1149 1047 1180 tit.
1073 1158 1100 1180 s.
1126 1149 1267 1181 Eusebii
1288 1149 1402 1190 presb.
1427 1149 1518 1181 card.
1542 1151 1600 1180 aut
1621 1149 1769 1180 aliorum
1789 1150 2012 1181 executorum
2033 1148 2163 1181 ultimae
2182 1148 2371 1181 volu-utatis

730 1238 731 1248 ἶ
763 1203 845 1234 dicti
859 1202 1022 1243 Stephani
1040 1203 1132 1235 card.
1151 1203 1206 1244 (A.
1223 1204 1255 1241 8,
1272 1203 1295 1234 f.
1311 1205 1372 1235 477
1387 1209 1401 1224 ²
1411 1211 1420 1241 ;
1446 1202 1479 1234 V.
1496 1204 1547 1240 67,
1566 1211 1619 1243 ep.
1635 1204 1721 1240 864.)

476 1258 513 1286 Ut
532 1266 556 1286 s.
731 1261 732 1273 ³
808 1253 920 1285 6815.
938 1272 979 1278 -
1001 1256 1087 1296 May.
1105 1256 1220 1288 ,Ioanni
1237 1257 1273 1287 de
1289 1256 1404 1293 Duino,
1430 1255 1487 1298 leq.
1513 1255 1696 1297 professori,
1715 1255 1939 1287 confirmatur
1955 1264 2052 1296 prov.
2075 1264 2197 1287 canon.
2215 1256 2248 1287 et
2263 1255 2368 1297 proeb.

443 1303 474 1331 T.
493 1303 589 1330 XVIII.
731 1305 733 1323 ⁵
763 1318 823 1349 per
839 1309 922 1341 obit.
937 1309 1032 1341 Petri
1047 1310 1087 1341 de
1100 1309 1317 1341 claromonte
1332 1319 1402 1341 vac.
1418 1310 1453 1340 in
1467 1309 1548 1341 eccl.
1566 1309 1828 1349 Rothomagen.‚
1842 1318 1928 1349 quos
1943 1308 2026 1340 olim
2041 1308 2234 1349 archiep.us
2245 1308 2370 1341 Rotho-

764 1371 910 1403 magen„
935 1362 976 1394 ad
998 1371 1098 1403 quem
1119 1363 1155 1394 in
1178 1364 1251 1394 ead.
1278 1363 1360 1395 eccl.
1380 1371 1498 1394 canon.
1515 1364 1548 1394 et
1563 1363 1666 1402 praeb.
1685 1363 1799 1394 collat.
1818 1363 1977 1402 pertinet,
1995 1362 2064 1402 ipsi
2082 1362 2284 1400 contulerat,
2303 1370 2373 1395 non

765 1416 853 1447 obst.
871 1417 972 1456 quod,
991 1418 1029 1448 ut
1049 1417 1123 1457 ipse
1138 1417 1158 1448 J
1161 1425 1288 1448 oannes
1307 1426 1326 1448 a
1340 1416 1515 1448 nonnullis
1531 1416 1652 1448 didicit
1668 1416 1827 1456 quamvis
1843 1424 1903 1456 pro
1918 1417 2012 1448 certo
2025 1423 2094 1447 non
2108 1415 2242 1454 habeat,
2259 1415 2372 1449 dictus

764 1470 887 1501 Petrus
903 1469 1026 1501 fuisset
1042 1469 1076 1502 S.
1094 1471 1135 1502 A.
1151 1479 1224 1509 cap.
1243 1471 1275 1501 et
1288 1470 1365 1501 ideo
1380 1470 1441 1501 iid.
1460 1478 1579 1501 canon.
1597 1470 1631 1501 et
1646 1469 1749 1509 praeb.
1765 1478 1827 1509 per
1841 1469 2052 1501 Clementem
2066 1469 2134 1500 ΡΡ.
2151 1469 2181 1501 V
2195 1468 2231 1501 S.
2247 1469 2290 1501 A.
2304 1469 2374 1501 col·

733 1513 735 1537 ἶ
765 1523 886 1554 lationi
911 1523 1058 1555 fuissent
1083 1523 1263 1561 reservati,
1285 1532 1346 1554 seu
1369 1523 1460 1563 quod
1475 1531 1595 1554 canon.
1615 1524 1649 1554 et
1668 1522 1773 1563 praeb.
1793 1522 1828 1554 in
1847 1522 1928 1554 eccl.
1949 1522 2128 1554 Ebroicen.
2145 1523 2179 1554 et
2201 1522 2373 1563 quoddam

734 1590 735 1604 l
766 1576 915 1616 simplex
930 1577 1041 1608 benef.
1061 1585 1088 1608 s.
1107 1586 1135 1607 c.
1153 1576 1313 1608 obtineat.
1332 1576 1383 1615 (A.
1402 1579 1432 1615 9,
1452 1576 1475 1607 f.
1495 1578 1553 1609 136
1569 1581 1603 1614 ³5
1625 1576 1662 1608 V.
1679 1578 1731 1614 67,
1751 1585 1805 1616 ep.
1821 1576 1923 1615 865.)

479 1631 516 1659 Ut
537 1639 559 1658 s.
811 1626 921 1658 6816.
936 1647 976 1652 -
994 1628 1078 1670 May.
1091 1629 1207 1661 Joanm'
1222 1629 1259 1660 de
1273 1630 1460 1660 Monasterio
1476 1638 1568 1661 conc.
1587 1629 1678 1660 idem
1689 1630 1800 1670 quoad
1812 1638 1930 1661 canon.
1948 1631 1981 1661 et
1989 1628 2094 1670 praeb.
2110 1629 2193 1661 eccl.
2203 1629 2371 1661 Senonen.

448 1676 479 1703 T.
497 1676 593 1703 xvlll.
767 1692 837 1714 vac.
855 1692 915 1722 per
935 1683 1017 1714 obit.
1033 1691 1123 1723 mag.
1143 1684 1224 1715 Adae
1241 1683 1281 1714 de
1307 1683 1469 1721 Pruvino,
1486 1691 1572 1723 quos
1596 1683 1788 1723 archiep.us
1801 1683 1969 1714 Senonen.
1992 1682 2061 1723 ipsi
2080 1683 2271 1715 contulerat
2279 1691 2289 1719 3
2306 1690 2376 1714 non

767 1736 855 1767 obst.
874 1736 964 1776 quod
981 1737 1115 1776 paroch.
1146 1737 1226 1768 eccl.
1246 1737 1286 1768 de
1313 1730 1534 1777 Magnevilla,
1559 1736 1806 1777 Rothomagen.
1826 1736 1886 1773 di.,
1910 1736 2073 1768 obtineat.
2093 1736 2147 1775 (Α.
2168 1738 2200 1774 9,
2219 1735 2244 1768 f.
2265 1736 2324 1768 136
2337 1734 2374 1773 ¹²5
2392 1765 2395 1769 .

735 1776 737 1836 ζ
775 1789 807 1820 ν.
833 1792 884 1826 67,
904 1798 956 1830 ep.
976 1791 1061 1829 see.)

483 1845 520 1872 Ut
535 1853 559 1872 s.
735 1847 738 1888 ᾗ
812 1841 921 1872 6817.
944 1861 983 1866 -
998 1843 1163 1875 Nicolaus
1180 1853 1208 1875 s.
1226 1844 1367 1875 Eusebii
1384 1843 1498 1884 presb.
1525 1844 1616 1876 card.
1635 1845 1668 1875 et
1685 1844 1744 1875 alii
1760 1845 1960 1875 executores
1981 1843 2112 1875 ultimae
2137 1842 2324 1875 voluntatis
2339 1841 2374 1875 b.

471 1890 502 1917 T.
518 1889 576 1916 xil.
736 1920 737 1946 ἶ
769 1906 833 1928 me.
852 1897 1014 1937 Stephani
1032 1905 1059 1927 s.
1079 1897 1213 1937 Cyriaci
1232 1897 1266 1928 in
1285 1898 1420 1928 Termis
1445 1897 1559 1938 presb.
1575 1897 1665 1929 card.
1690 1898 1924 1937 exposuerunt
1945 1897 2047 1937 quod,
2072 1897 2153 1928 licet
2165 1887 2266 1937 juxta
2281 1895 2376 1937 piam
2392 1897 2398 1902 '

736 1950 737 1977 i
768 1947 992 1978 intentionem
1010 1946 1121 1986 ipsius
1148 1945 1310 1986 Stephani
1336 1947 1372 1977 in
1389 1948 1535 1978 monast.
1553 1955 1581 1977 s.
1600 1945 1744 1978 Joannis
1770 1946 1983 1984 Laudunen.‚
1997 1945 2038 1978 O.
2053 1946 2088 1978 S.
2108 1946 2161 1983 B„
2191 1945 2375 1986 quamdam

736 1988 737 2033 Ῐ
768 2000 946 2039 capellam,
964 2000 999 2030 in
1019 2009 1087 2039 qua
1102 2009 1226 2040 corpus
1245 2000 1356 2040 ipsius
1386 2000 1476 2031 card.
1497 1999 1670 2039 sepultum
1687 1999 1763 2037 fuit,
1789 1999 2064 2031 construxissent
2082 2001 2115 2031 et
2137 1992 2303 2045 de'bqnis
2324 1998 2377 2040 ip-

736 2046 737 2059 *
769 2054 842 2084 sius
856 2053 1042 2089 dolassem,
1058 2056 1170 2084 tamen
1190 2053 1295 2084 abbas
1310 2055 1343 2085 et
1358 2062 1468 2090 conv„
1487 2053 1645 2094 quamvis
1661 2053 1736 2085 201.
1754 2055 1778 2084 t.
1795 2054 1958 2093 perpetuo
1974 2061 2047 2092 cap.
2061 2053 2121 2093 qui
2134 2051 2323 2084 celebraret
2339 2051 2377 2085 in

736 2100 738 2142 ᾗ
769 2116 808 2138 ea
830 2115 890 2146 per
908 2107 1019 2137 eumd.
1037 2107 1232 2138 defunctum
1250 2107 1379 2147 legatas
1394 2107 1584 2147 percipiant
1601 2107 1790 2144 annuatim,
1810 2106 1846 2137 in
1862 2106 1953 2138 dicta
1975 2105 2107 2146 capella
2129 2114 2191 2146 per
2207 2113 2312 2137 unum
2332 2113 2377 2138 ex

771 2170 861 2191 mon.
880 2160 961 2191 dicti
978 2162 1138 2197 monast.,
1156 2161 1256 2200 prout
1275 2162 1445 2196 tenentur,
1471 2160 1581 2192 facere
1597 2159 1763 2192 celebrari
1791 2169 1858 2192 non
1875 2161 2005 2191 curant.
2024 2159 2137 2196 Quare
2165 2160 2260 2200 Papa
2282 2167 2378 2191 man-

769 2215 825 2245 dat
841 2224 911 2254 ep.o
926 2213 1123 2248 Laudemen„
1141 2222 1181 2245 ne
1199 2215 1257 2253 pia
1271 2214 1382 2254 ipsius
1397 2215 1574 2245 testatoris
1599 2214 1741 2245 intentio
1757 2213 1990 2251 defraudetur,
2005 2214 2043 2244 ut
2065 2212 2249 2252 compellat
2267 2211 2377 2244 dictos

770 2267 847 2298 abb.
869 2269 901 2298 et
917 2276 1013 2298 conv.
1035 2267 1076 2298 ad
1101 2267 1292 2298 faciendum
1315 2268 1369 2298 vel
1387 2268 1429 2301 ad
1448 2267 1714 2307 permittendum
1734 2266 1776 2298 ab
1794 2267 1873 2298 aliis
1888 2267 1924 2298 in
1941 2266 2032 2298 dicta
2046 2266 2178 2306 capella
2197 2265 2376 2298 celebrari.

770 2322 822 2360 (A.
839 2321 870 2358 9,
889 2320 911 2351 f.
928 2322 983 2352 137
997 2326 1026 2358 ἃς
1054 2320 1087 2350 V.
1105 2323 1156 2358 67,
1173 2330 1226 2360 ep.
1243 2322 1329 2359 868.)

347 2378 424 2412 ὃμιι
438 2379 518 2410 non.)
531 2385 593 2413 apr.
612 2376 700 2404 1318.
738 2380 739 2385 ’
815 2371 927 2403 6818.
947 2390 985 2395 -
1003 2373 1168 2404 Guillelmo
1186 2384 1255 2414 ep.o
1270 2374 1424 2404 Parisien.
1444 2374 1608 2414 indulget.
1627 2376 1664 2405 ut
1696 2374 1739 2405 ad
1769 2369 1958 2404 triennium
1983 2372 2146 2404 ecclesias
2166 2374 2199 2404 et
2223 2373 2378 2404 coemete-

469 2422 501 2450 T·
522 2422 580 2448 ΧΠ·
770 2428 820 2458 ria
832 2436 901 2458 sure
917 2427 962 2457 di.
979 2427 1106 2458 violata
1121 2436 1181 2466 per
1198 2427 1305 2458 alium
1319 2427 1533 2459 reconciliari
1550 2427 1659 2458 facere
1678 2427 1800 2458 valeat.
1819 2426 1872 2465 (A.
1883 2427 1914 2464 8,
1934 2426 1959 2457 f.
1974 2427 2034 2458 295
2047 2425 2079 2463 ὓς
2099 2425 2136 2457 V.
2151 2427 2204 2462 67,
2221 2433 2275 2465 ep.
2289 2427 2376 2465 671.)

484 2483 521 2511 Ut
541 2491 565 2510 s.
815 2477 928 2508 6819.
947 2498 985 2502 —
999 2480 1082 2521 May.
1099 2485 1127 2510 et
1139 2480 1291 2520 fratribus
1305 2480 1373 2512 ord.
1390 2481 1429 2511 B.
1447 2480 1488 2511 M.
1507 2480 1543 2511 de
1559 2480 1700 2511 Mercede
1716 2480 1908 2521 captivorum
1929 2479 2042 2510 mand.
2059 2480 2096 2510 ut
2106 2478 2304 2510 nullatenus
2325 2478 2377 2510 in·

484 2528 515 2555 T·
532 2528 563 2555 Χ·
739 2551 740 2555 =
770 2533 882 2564 debite
898 2533 1080 2564 molestent
1097 2534 1259 2565 Pontium
1275 2534 1378 2565 Bavis
1394 2534 1704 2565 commendatorem
1717 2533 1839 2564 domus
1847 2533 1882 2564 S.
1898 2533 1944 2564 M.
1961 2532 2002 2564 de
2014 2531 2178 2569 Olivario,
2190 2531 2274 2564 dicti
2289 2532 2377 2568 ord„

739 2625 740 2628 Ἴ
770 2587 1064 2626 Caesaraugustan.
1076 2587 1136 2624 di.,
1150 2587 1207 2626 qui
1222 2587 1458 2618 commendam
1469 2587 1578 2626 ejusd.
1593 2587 1716 2618 domus
1734 2586 1952 2618 laudabiliter
1966 2585 2120 2617 tenuisse
2134 2578 2311 2626 hucust'Iue
2326 2579 2377 2617 di-

739 2630 740 2639 *
771 2640 934 2676 noscitur,
949 2642 982 2670 et
997 2640 1133 2679 negotia
1154 2640 1262 2680 ejusd.
1280 2641 1351 2671 ord.
1372 2649 1425 2680 ap.
1442 2641 1476 2672 S.
1498 2641 1537 2672 A.
1553 2639 1772 2671 laudabiliter
1790 2639 1894 2671 etiam
1909 2638 2025 2670 extitit
2039 2640 2254 2678 prosecutus.
2273 2637 2328 2679 (A.
2345 2639 2376 2674 8,

739 2722 741 2735 ,
771 2694 795 2725 f.
810 2694 869 2725 394
885 2693 914 2729 b;
936 2693 973 2725 V.
987 2695 1039 2731 67,
1053 2702 1106 2733 ep.
1123 2694 1208 2732 682.)

482 2750 519 2777 Ut
544 2758 567 2776 s.
739 2738 740 2778 ἶ
817 2744 928 2776 6820.
949 2766 987 2770 —
1003 2746 1095 2778 Eisd.
1112 2747 1162 2778 Ex
1185 2747 1325 2787 antiqua
1350 2748 1594 2779 consuetudine
1612 2747 1647 2778 in
1674 2747 1762 2779 dicto
1787 2746 1918 2784 ordine,
1942 2754 2004 2786 per
2025 2746 2320 2777 commendatores
2343 2746 2378 2778 et

463 2795 493 2821 T.
516 2794 586 2821 xvl.
739 2801 741 2851 ξ
771 2800 894 2832 fratres
911 2800 993 2831 dicti
1011 2800 1082 2831 ord.
1101 2800 1136 2831 in
1151 2800 1312 2840 capitulis
1329 2800 1547 2840 generalibus
1559 2800 1614 2831 bis
1634 2801 1666 2831 in
1685 2809 1772 2831 anno
1796 2800 1830 2830 in
1847 2799 1950 2831 terris
1967 2798 2146 2839 Aragoniae
2168 2801 2201 2830 et
2218 2798 2378 2831 Castellae

739 2855 740 2870 ³
770 2862 951 2894 regnorum
960 2853 1173 2885 celebrandis
1182 2853 1222 2884 de
1232 2853 1588 2885 administrationibus
1599 2854 1650 2885 eis
1657 2853 1864 2889 commissis,
1875 2855 1909 2884 et
1920 2852 2150 2892 eleemosynis
2159 2852 2307 2892 receptis
2315 2860 2376 2892 per

739 2901 740 2915 ³
771 2916 829 2939 eos
844 2916 904 2948 pro
921 2907 1066 2947 captivis
1082 2915 1125 2938 ex
1142 2906 1302 2938 manibus
1317 2907 1581 2938 Sarracenorum
1600 2906 1821 2942 redimendis,
1851 2905 2015 2946 magistro
2029 2906 2062 2937 et
2079 2914 2112 2936 iv
2130 2905 2377 2937 diffinitoribus

739 2990 740 2994 ,
771 2961 911 3001 capituli
928 2960 1010 2991 dicti
1029 2960 1100 2991 ord.
1118 2960 1206 2991 ratio
1220 2960 1315 2991 reddi
1328 2959 1438 2991 debet.
1457 2961 1550 3000 Papa
1565 2961 1678 2991 autem
1695 2959 1844 2991 decernit
1858 2960 1895 2990 ut
1916 2959 2080 2999 magister
2101 2960 2135 2990 et
2159 2967 2376 2991 successores

739 3004 741 3031 1
771 3015 826 3046 sui
843 3014 884 3045 de
902 3013 1061 3046 omnibus
1078 3013 1209 3045 ratione
1222 3013 1412 3053 magisterii
1434 3013 1488 3044 sui
1509 3013 1760 3044 administratis
1779 3014 1811 3044 et
1840 3011 2135 3050 administrandis,
2151 3012 2258 3052 gestis
2275 3013 2309 3044 et
2323 3020 2379 3052 ge·
