2592 3562
218 408 322 435 Datum
338 401 520 436 Avenione.

254 507 296 537 2⁶·
312 516 375 544 apr.
394 507 485 536 13¹8.

250 554 294 591 (vx
308 553 368 581 kal.
382 552 476 588 maii.)

286 596 319 624 Τ.
335 596 370 631 Χ,
385 596 445 624 XII.

326 666 363 694 Ut
380 675 404 694 s.

286 711 317 738 T.
337 711 370 743 X,
386 711 446 738 XII.

327 773 362 801 Ut
381 781 405 800 s.

285 817 318 845 T.
337 817 372 850 X,
385 817 447 844 XII.

328 933 365 961 Ut
380 941 403 960 s.

291 978 321 1005 T.
338 978 372 1010 X,
388 977 448 1005 ΧΠ.

326 1039 364 1068 Ut
382 1047 406 1067 s.

289 1084 320 1111 τ.
335 1085 369 1118 x,
385 1084 444 1112 xn.

328 1146 364 1175 Ut
380 1155 404 1174 s.

287 1192 318 1219 Τ.
335 1192 369 1224 Χ,
386 1191 445 1219 XII.

323 1518 360 1546 Ut
378 1526 403 1546 s.

288 1563 319 1590 T.
336 1563 369 1597 X,
387 1564 446 1591 XII.

327 1731 364 1759 Ut
383 1740 408 1759 s.

314 1776 345 1803 T.
363 1777 419 1804 XX.

328 1999 365 2027 Ut
382 2007 406 2027 S.

275 2044 306 2072 Τ.
324 2044 372 2079 XI,
386 2044 459 2073 XIII.

256 2272 296 2300 27
311 2279 374 2307 apr.
393 2272 481 2300 1318.

258 2317 289 2352 (v
306 2317 365 2344 kal.
381 2316 476 2352 maii.)

209 2386 213 2390 .
263 2362 309 2389 Gr.
326 2370 377 2397 pro
394 2362 472 2390 card.

581 315 755 347 JOANNIS
778 315 897 346 PAPAE
919 316 1021 346 XXII.
1046 318 1295 354 (1316-1334).
1318 334 1357 339 —-
1379 317 1567 347 LITTERAE
1590 317 1814 349 COMMUNES
2152 326 2207 354 141

656 503 767 536 7044.
784 524 823 530 —-
843 505 973 537 Ger-aldo
990 505 1027 536 de
1053 505 1175 536 Presiel
1189 507 1262 537 ead.
1294 507 1403 546 gratia
1434 507 1468 537 in
1497 508 1577 538 6661.
1610 516 1638 538 s.
1654 508 1746 539 Petri
1766 509 1930 546 Insulen„
1947 510 2130 542 Tornacen.
2151 512 2212 547 di.,

610 561 730 592 caetera
742 562 779 591 ut
800 569 829 591 s.
846 560 944 600 (A.9,
961 560 983 590 f.
1007 561 1068 591 398
1082 559 1114 595 ¹³3
1133 560 1174 591 V.
1194 560 1245 596 68,
1262 568 1315 599 ep.
1334 561 1438 598 1450.)

655 663 766 695 7045.
784 683 823 689 -
839 666 957 697 Joanm'
971 665 1009 696 de
1026 664 1193 696 Gaverielis
1209 666 1281 697 ead.
1299 666 1408 706 gratia
1422 666 1456 697 in
1474 666 1553 697 6661.
1575 675 1603 697 s.
1622 667 1736 698 Amati
1753 667 1916 704 Duacen.‚
1932 668 2127 699 Atrebaten.
2144 669 2190 699 di.
2204 679 2213 705 3

611 719 744 759 reliqua
761 721 799 751 ut
818 728 845 750 s.
871 719 923 759 (A.
943 720 973 755 9,
992 719 1014 750 f.
1038 720 1148 751 399³!
1169 718 1205 750 V.
1222 720 1274 754 68,
1292 728 1344 758 ep.
1367 721 1469 758 1451.)

656 769 767 801 7046.
785 791 822 796 -
840 772 985 803 Michaeli
1003 772 1182 803 Bontenaiae
1201 772 1274 803 ead.
1302 773 1411 812 gratia
1438 773 1471 803 in
1491 773 1572 804 6661.
1595 782 1623 804 s.
1638 773 1821 805 Donatiani
1851 775 2010 814 Brugen.⁸
2027 775 2214 805 Tornacen.

611 825 674 862 di.,'
687 834 754 857 non
771 825 858 857 obst.
873 825 1008 865 paroch.
1023 825 1104 857 6661.
1123 825 1164 856 (16
1181 826 1403 866 Zontregode,
1421 826 1609 866 TraJ'ecten.
1628 826 1674 857 di.
1684 836 1694 863 3
1714 827 1847 866 reliqua
1859 829 1896 858 ut
1912 836 1939 858 s.
1958 827 2013 867 (A.
2032 829 2063 864 9,
2081 827 2103 858 f.
2119 830 2179 860 399
2189 834 2216 864 ³3

616 879 652 910 V.
671 880 721 915 68,
741 888 794 919 ep.
813 881 915 918 1452.)

656 930 766 962 7047.
784 951 826 955 -
844 932 1004 964 Guillelmo
1024 933 1105 964 dicto
1124 933 1263 974 Doufayc
1280 933 1353 963 ead.
1369 933 1478 973 gratia
1496 933 1530 964 in
1546 933 1627 964 eccl.
1644 942 1671 964 s,
1690 933 1846 970 Quintini
1863 933 2082 971 Melbodien.,
2099 935 2216 966 Came-

612 995 723 1017 racen.
741 987 800 1024 di.,
820 987 953 1027 reliqua
969 988 1006 1018 ut
1022 995 1050 1018 s.
1068 987 1122 1028 (A.
1141 989 1172 1024 9,
1188 987 1210 1017 f.
1230 988 1290 1018 399
1306 986 1342 1022 bg
1367 986 1399 1017 V.
1411 987 1462 1024 68,
1478 996 1530 1026 ep.
1550 986 1653 1026 1453.)

657 1037 767 1069 7048.
784 1058 824 1063 -
848 1040 983 1071 Tierm'co
1013 1039 1144 1071 Gerar-di
1166 1041 1239 1071 ead.
1265 1040 1374 1080 gratia
1402 1040 1436 1071 in
1459 1040 1540 1071 6661.
1570 1049 1598 1071 s.
1614 1040 1754 1071 Martini
1769 1040 1955 1080 Trajecten.
1974 1050 1981 1078 ;
1999 1042 2119 1072 caetera
2136 1043 2172 1072 ut
2187 1050 2216 1072 s.

611 1093 665 1134 (A.
684 1094 714 1131 9,
731 1093 753 1125 f.
770 1095 831 1125 400
845 1099 881 1131 ⁸3
905 1093 939 1125 V.
957 1095 1009 1131 68,
1029 1102 1083 1134 ep.
1100 1093 1206 1133 1454.)

658 1144 768 1176 7049.
787 1164 825 1169 -
837 1147 956 1178 Joanm'
977 1147 1120 1179 Venturae
1132 1146 1169 1178 de
1185 1146 1345 1178 Florentia
1360 1156 1454 1187 prov.
1474 1155 1592 1178 canon.
1612 1147 1692 1178 6661.
1713 1147 1839 1178 Μ61611.
1859 1147 1922 1178 sub
1945 1156 2041 1187 exsp.
2058 1147 2160 1188 praeb.
2177 1148 2214 1178 li-

612 1200 711 1237 berae,
728 1209 794 1232 non
823 1200 1058 1238 sacerdotalis,
1088 1201 1218 1232 consid.
1242 1201 1411 1240 praedictae
1437 1200 1633 1236 comitissae,
1651 1200 1748 1240 cujus
1775 1201 1855 1232 cler.
1879 1201 2014 1238 existit;
2043 1210 2110 1232 non
2128 1201 2215 1232 obst.

612 1254 702 1294 quod
719 1254 753 1285 in
774 1262 802 1284 s.
819 1254 1000 1294 Gangetici
1020 1255 1250 1291 Cameracen.,
1274 1262 1301 1285 S.
1319 1254 1412 1285 Petri
1438 1253 1722 1294 Middelburgen.,
1740 1255 1779 1286 B.
1795 1255 1840 1286 M.
1857 1254 1898 1285 de
1911 1255 2010 1295 Hoyo
2026 1256 2058 1286 et
2076 1263 2103 1285 s.
2120 1255 2217 1286 Wal-

613 1307 767 1338 detrudis
782 1307 943 1344 Monten.,
960 1307 1162 1347 Trajecten.,
1181 1307 1342 1339 Leodien.
1361 1309 1394 1338 et
1407 1307 1623 1339 Cameracen.
1645 1307 1705 1343 di.,
1725 1307 1805 1339 6661.
1825 1316 1944 1339 canon.
1962 1309 1995 1339 et
2010 1308 2112 1348 praeb.
2130 1308 2216 1339 obti-

613 1362 702 1396 neat,
719 1362 753 1392 et
765 1361 856 1401 quod
868 1361 903 1391 in
920 1360 1135 1393 Cameracen.
1153 1361 1234 1392 6661.
1254 1361 1289 1392 13
1306 1369 1379 1392 can.
1397 1360 1461 1392 sub
1483 1369 1580 1401 exsp.
1597 1361 1698 1401 praeb.
1717 1361 1762 1392 sit
1786 1356 1956 1401 receptus.
1970 1380 2008 1384 -
2027 1362 2053 1392 I.
2075 1371 2104 1393 6.
2125 1370 2169 1392 111.
2186 1370 2214 1392 s.

614 1413 756 1446 Auberti
776 1414 1004 1450 Cameracen.,
1031 1415 1063 1446 et
1087 1414 1263 1450 Viconien.
1291 1414 1487 1446 Atrebaten.
1518 1414 1578 1449 di.,
1604 1416 1750 1446 monast.
1774 1414 1862 1452 abb„
1891 1424 1929 1446 ac
1957 1415 2145 1454 Napoleoni
2175 1415 2216 1447 de

614 1467 814 1507 Romangia,
831 1467 960 1499 archid.
974 1468 1116 1499 Remen.
1140 1469 1192 1507 (Α.
1207 1470 1238 1505 9,
1254 1468 1278 1499 f.
1295 1469 1356 1500 400
1371 1468 1385 1489 b
1395 1477 1405 1504 5
1430 1467 1462 1498 V.
1478 1468 1530 1505 68,
1550 1476 1601 1508 ep.
1620 1469 1724 1507 1455.)

659 1517 769 1550 7050.
788 1540 825 1544 -
841 1521 959 1552 Joanm·
980 1520 1094 1552 Alardi
1112 1521 1149 1552 de
1164 1521 1334 1552 Linsemial
1357 1521 1444 1552 conf.
1471 1530 1565 1561 perp.
1591 1521 1713 1561 capell.
1741 1522 1861 1553 altaris
1889 1530 1916 1552 s.
1935 1521 2084 1561 Remigii
2102 1521 2160 1553 siti
2183 1521 2217 1552 in

614 1575 694 1606 eccl.
719 1583 747 1606 s.
761 1575 905 1606 Joannis
930 1575 1157 1615 Evangelistae
1181 1575 1356 1612 Leodien.,
1375 1584 1436 1615 per
1453 1575 1534 1606 obit.
1552 1575 1708 1615 Gregorii
1724 1584 1833 1615 nuper
1850 1576 1938 1615 apud
1956 1576 1990 1607 S.
2007 1577 2047 1606 A.
2068 1574 2217 1606 defuncti

613 1637 686 1659 vac.
716 1645 756 1651 —-
769 1629 796 1659 I.
816 1637 845 1659 e.
864 1637 910 1659 m.
930 1637 1017 1668 mag.
1037 1629 1145 1660 Bindo
1176 1629 1216 1660 de
1239 1629 1349 1666 Senis,
1376 1637 1478 1668 praep.
1508 1628 1696 1666 colonien,
1727 1629 1795 1660 ΡΡ.
1826 1630 1909 1666 not„
1942 1630 1976 1660 et
2006 1628 2081 1660 abb.
2102 1628 2216 1659 saecul.

614 1682 760 1722 Eyken..
780 1681 1015 1719 Ι,6ο(11611.(11.,
1035 1691 1073 1713 ac
1086 1682 1223 1714 scolast.
1235 1691 1263 1712 s.
1276 1681 1374 1713 Pauli
1387 1682 1546 1713 Leodien.
1565 1682 1646 1713 6661.
1665 1682 1717 1722 (A.
1730 1685 1761 1720 9,
1775 1682 1798 1713 f.
1808 1683 1868 1714 446
1881 1687 1912 1717 ³,
1933 1682 1969 1713 V.
1985 1683 2036 1719 68,
2051 1691 2103 1722 ep.
2115 1683 2219 1721 1577.)

660 1732 769 1764 7051.
787 1752 826 1757 -
845 1735 949 1765 Priori
965 1739 994 1765 et
1015 1735 1169 1775 fratribus
1187 1735 1293 1766 domus
1309 1734 1424 1766 ordinis
1447 1735 1483 1765 B.
1505 1735 1549 1766 M.
1566 1735 1602 1766 de
1624 1735 1869 1774 Moncecarmeli‚
1893 1735 2061 1773 Parisien„
2080 1735 2220 1766 licentia

613 1788 777 1820 tribuitur
794 1789 980 1828 recipiendi
996 1789 1108 1820 locum
1127 1788 1214 1828 ipsis
1231 1798 1250 1820 a
1267 1789 1427 1828 Philippo
1443 1789 1484 1820 R.
1502 1789 1540 1820 F.
1562 1790 1595 1820 et
1611 1789 1652 1820 N.
1674 1789 1849 1826 collatum,
1868 1791 1901 1820 et
1927 1789 1968 1820 ad
1989 1789 2102 1829 ipsum
2125 1797 2161 1819 se
2179 1789 2219 1819 li-

614 1841 692 1873 bere
710 1842 951 1878 transferendi,
962 1842 1077 1882 ibique
1094 1842 1175 1873 eccl.
1195 1843 1229 1873 et
1245 1842 1365 1873 domos
1381 1842 1611 1880 construendi,
1628 1851 1666 1873 ac
1681 1842 1855 1874 alienandi
1870 1842 1981 1874 locum
1996 1842 2030 1873 in
2047 1851 2113 1882 quo
2130 1851 2219 1873 1111116

614 1897 705 1932 sunt,
729 1895 787 1935 qui
806 1895 910 1926 nimis
927 1897 979 1926 est
993 1896 1145 1926 remotus
1158 1904 1177 1926 a
1189 1895 1262 1926 1060
1277 1894 1337 1926 ubi
1351 1895 1386 1926 in
1403 1895 1493 1927 dicta
1509 1895 1646 1927 civitate
1662 1896 1752 1936 viget
1768 1896 1920 1927 studium
1935 1896 2101 1936 generale.
2120 1896 2172 1934 (A.
2187 1896 2218 1932 8,

614 1949 638 1980 f.
652 1950 713 1980 468
733 1948 763 1985 ¹³3
789 1948 822 1980 V.
841 1950 892 1986 68,
906 1957 958 1988 ep.
976 1950 1081 1987 1698.)
1642 1954 1644 1956 ’

659 1999 769 2031 7052.
788 2019 828 2024 —
842 2002 935 2032 Petro
952 2001 1058 2039 Fabri,
1075 2002 1154 2033 cler.
1175 2003 1406 2039 Cameracen.‚
1425 2003 1535 2042 gratia
1550 2011 1647 2042 exsp.
1665 2002 1775 2034 benef.
1800 2012 1827 2033 s.
1843 2012 1870 2034 6.
1890 2003 1943 2043 (40
1957 2002 2016 2034 lib.
2036 2003 2168 2042 paris),
2184 2003 2219 2033 in

613 2056 706 2087 civit.
725 2056 778 2087 vel
792 2056 837 2087 di.
857 2056 1085 2093 Cameracen.‚
1102 2056 1226 2095 pertin.
1250 2056 1292 2087 ad
1311 2056 1424 2087 collat.
1450 2057 1516 2096 epi
1535 2057 1764 2094 Cameracen„
1783 2065 1850 2087 non
1868 2056 1956 2088 obst.
1975 2065 2069 2096 perp.
2089 2057 2218 2087 vicaria

614 2109 649 2141 in
665 2110 746 2141 6661.
763 2110 1002 2147 Ο31116136611.;
1021 2118 1139 2140 canon.
1169 2111 1280 2141 autem
1298 2112 1330 2141 et
1354 2109 1456 2150 praeb.
1488 2110 1569 2141 eccl.
1593 2111 1630 2141 B.
1665 2110 1709 2141 M.
1731 2111 1978 2150 Antwerpien.‚
1999 2110 2214 2142 Cameracen.

614 2163 673 2200 di.,
707 2172 793 2203 quos
824 2163 891 2203 ipsi
910 2172 1007 2203 ep.us
1043 2164 1259 2194 Canieraoen.
1287 2165 1373 2195 auct.
1401 2163 1574 2194 ordinaria
1602 2163 1756 2201 contulit,
1781 2164 1952 2200 dimittat;
1976 2164 2109 2203 reliqua
2130 2165 2166 2195 ut
2182 2164 2216 2194 in

613 2226 646 2248 n.
666 2218 756 2248 7049.
777 2217 830 2257 (Α.
847 2218 896 2254 10,
914 2216 936 2247 f.
952 2218 972 2246 4
987 2216 1019 2253 b;
1042 2215 1075 2246 V.
1094 2218 1145 2251 68,
1164 2225 1216 2256 ep.
1229 2217 1335 2256 2288.)

659 2267 770 2299 7053.
791 2287 830 2291 —
843 2269 1014 2310 Archiep.o
1032 2269 1059 2299 T
1056 2279 1233 2300 terraconen.
1247 2270 1372 2311 ejusque
1385 2270 1602 2311 suffraqaneis,
1619 2275 1648 2300 et
1662 2269 1791 2310 Huyoni
1806 2270 1842 2301 de
1854 2269 2017 2301 Mirabello
2035 2280 2102 2300 can.
2120 2270 2218 2300 Εὐνε-

613 2323 738 2361 dunen„
755 2333 791 2353 ac
807 2323 938 2354 Ger-aldo
955 2323 1111 2363 Danqlars
1127 2324 1239 2354 rectori
1253 2323 1324 2354 eccl.
1336 2323 1373 2354 de
1392 2323 1519 2361 Vistula,
1534 2323 1699 2355 Caturcen.
1717 2323 1774 2359 di.,
1789 2324 2027 2355 collectoribus
2045 2323 2216 2355 fructuum

613 2377 717 2417 primi
733 2377 814 2408 anni
825 2376 1068 2408 beneficiorum
1079 2386 1152 2408 vac.
1167 2377 1201 2408 in
1216 2377 1391 2416 provincia
1405 2377 1631 2409 Terraconen.
1642 2378 1755 2408 mand.
1770 2379 1807 2408 ut
1820 2378 1861 2408 de
1875 2377 2043 2408 fructibus
2055 2378 2088 2408 et
2105 2377 2216 2407 reddi-

613 2430 705 2462 tibus
723 2430 917 2461 camerariae
932 2430 1011 2461 eccl.
1022 2431 1259 2468 Terraconen.,
1272 2430 1457 2463 Guillelmo
1475 2439 1551 2470 ep.o
1568 2430 1727 2462 Sabinen.
1738 2432 1847 2471 apost.
1858 2432 1945 2462 auct.
1964 2430 2106 2468 collatae,
2122 2431 2217 2469 parte

613 2492 674 2523 pro
693 2483 847 2515 emendis
865 2483 1019 2515 vestibus
1042 2484 1282 2515 canonicorum
1305 2483 1413 2523 ejusd.
1440 2484 1520 2515 6661.
1547 2483 1589 2515 31)
1612 2484 1750 2524 antiquo
1776 2484 1947 2524 deputata,
1974 2492 2102 2514 necnon
2122 2484 2216 2522 parte

613 2546 674 2577 pro
685 2537 773 2568 “aliis
791 2536 951 2568 oneribus
969 2546 1043 2577 quae
1073 2538 1282 2568 camerarius
1308 2537 1408 2569 habet
1439 2538 1606 2575 deductis,
1627 2538 1668 2568 de
1692 2537 1830 2569 residuo
1858 2537 2025 2568 dictorum
2043 2536 2215 2567 fructuum

614 2599 690 2622 cum
707 2590 986 2631 procuratoribus
1005 2590 1086 2622 dicti
1105 2590 1172 2630 ep.i
1184 2590 1410 2622 amicabiliter
1425 2592 1458 2622 et
1468 2591 1541 2622 sine
1558 2591 1694 2622 incantu
1710 2592 1743 2622 et
1759 2590 2023 2630 proclamatione
2042 2588 2217 2629 aliquibus

614 2643 794 2675 convenire
811 2645 930 2675 curent
942 2652 951 2681 ;
964 2652 1055 2682 nam,
1069 2645 1104 2675 ut
1116 2644 1228 2675 dictus
1242 2653 1341 2684 ep.us
1356 2644 1528 2684 exposuit,
1546 2645 1651 2675 iidem
1663 2643 1861 2675 collectores
1876 2643 2006 2674 fructus
2020 2641 2216 2682 hujusmodi

613 2697 843 2734 vendicantes,
860 2699 1098 2736 procuratores
1113 2697 1366 2737 praedictosnon
1375 2698 1493 2729 sinunt
1508 2699 1639 2738 partem
1651 2696 1822 2728 canonicis
1834 2696 2031 2727 memoratis
2043 2695 2219 2735 assignan-

614 2751 689 2782 dam
712 2750 885 2790 percipere
904 2752 936 2781 et
952 2750 1084 2782 solvere
1110 2750 1261 2782 debitum
1284 2760 1424 2782 onerum
1444 2751 1695 2791 praedictorum,
1726 2759 1787 2781 nec
1812 2750 1862 2780 eis
1891 2758 1951 2789 pro
1968 2749 2044 2780 vitae
2061 2749 2217 2788 ipsorum

549 2815 556 2819 >
613 2804 818 2835 necessariis
834 2803 1027 2840 subvenire,
1046 2804 1106 2835 sed
1120 2804 1298 2835 universos
1318 2804 1472 2835 redditus
1489 2804 1586 2835 dictae
1604 2803 1809 2840 camerariae,
1829 2802 1959 2833 ratione
1979 2801 2106 2832 ultimae
2122 2810 2216 2832 vaca-

613 2857 718 2889 tionis
735 2859 916 2897 postquam
934 2857 1024 2888 dicto
1042 2866 1119 2897 ep.o
1136 2858 1247 2897 ipsam
1275 2858 1341 2889 ΡΡ.
1365 2858 1518 2895 contulit,
1538 2858 1753 2896 occupantes,
1777 2857 1958 2895 occupatos
1982 2855 2144 2892 detinent,
2162 2863 2217 2886 vo-

613 2911 722 2944 lentes
738 2910 889 2941 incantui
908 2910 1038 2941 fructus
1054 2911 1234 2950 praedictos
1251 2919 1433 2951 exponere,
1451 2911 1614 2950 ipsosque
1629 2909 1681 2940 illi
1707 2909 1766 2949 qui
1794 2909 1872 2948 plus
1890 2908 1940 2939 eis
1968 2908 2147 2939 tradiderit
2165 2916 2215 2939 ar-

614 2964 767 3001 rendare,
786 2963 940 3003 bajulum
955 2972 1089 3004 quoque
1106 2964 1141 2995 in
1159 2964 1279 2996 Castro
1293 2965 1333 2996 de
1350 2964 1490 2998 Reddis,
1501 2963 1623 3003 pertin.
1638 2963 1679 2994 ad
1692 2962 1867 3002 praeratam
1880 2961 2112 2999 camerariam,
2128 2962 2216 2992 auct.
