2592 3562
348 285 410 316 418

382 377 485 404 Datum
504 369 690 405 Avenionc.

421 662 462 691 28
474 662 534 698 jul.
560 662 647 690 1319.

428 710 459 741 (v
479 707 537 735 kal.
554 707 636 743 aug.)

419 752 449 779 T.
465 752 535 786 XVI,
551 752 647 779 XVIII.

424 930 465 957 29
478 930 536 964 Jul.
556 929 643 958 1319.

425 975 468 1010 (1v
483 975 543 1002 kul.
559 974 642 1010 aug.)

425 1019 471 1047 Gr.
489 1027 541 1054 pro
557 1019 635 1046 card.

491 1063 528 1091 Ut
543 1071 567 1090 s.

379 1108 427 1135 Gr.
446 1116 498 1143 pro
514 1115 579 1142 nep.
601 1107 682 1135 card.

488 1222 526 1250 Ut
545 1230 570 1251 s.

468 1267 498 1293 T.
517 1266 588 1294 XIV.

468 1542 526 1613 TUt
541 1551 564 1570 s.

493 1587 587 1614 ..XVI

485 1650 565 1677 Uts.

448 1694 478 1721 T.
495 1693 528 1728 X,
546 1694 604 1721 XII.

415 1862 451 1890 31
468 1862 527 1896 jul.
546 1863 635 1891 1319.

421 1907 456 1942 (11
472 1907 529 1934 kal.
545 1907 625 1942 aug.)

470 1951 501 1978 T.
521 1952 578 1978 XX.

484 2129 520 2156 Ut
539 2137 562 2156 s.

432 2174 461 2200 T.
482 2174 527 2208 xl,
544 2174 614 2201 xm.

482 2342 519 2369 Ut
539 2350 563 2370 s.

417 2387 462 2414 Gr.
480 2395 531 2422 pro
547 2387 626 2415 card.

482 2502 518 2530 Ut
537 2510 560 2529 s.

440 2547 477 2582 (T.
496 2547 594 2575 XXVI.

486 2876 523 2904 Ut
538 2885 561 2904 s.

459 2922 489 2949 'l
511 2921 582 2949 XVI.

754 280 928 313 JOANNIS
950 280 1070 312 PAPAE
1091 280 1193 311 XXII.
1217 281 1466 320 (iaie-1884).
1487 298 1527 304 —
1549 280 1736 312 LITTERAE
1758 280 1985 314 COMMUNES

775 446 970 484 sessionem,
1002 447 1035 478 et
1059 445 1266 486 complicum
1292 446 1547 479 revelationem.
1565 447 1694 479 Verum
1709 446 1800 479 dicta
1813 446 1939 479 mulier
1959 447 1996 479 in
2011 455 2146 480 carcere
2162 447 2271 489 eJusd.
2288 449 2370 490 ep.i,

774 501 955 540 antequam
973 499 1005 531 ei
1023 507 1156 539 poenam
1173 507 1234 540 pro
1260 499 1427 532 contessts
1453 499 1697 540 imponeretur,
1714 499 1810 537 obiit,
1834 501 1868 532 et
1892 499 2027 533 dubitat
2044 501 2118 541 ipse
2133 501 2304 541 seguinus
2328 510 2371 534 ne

773 554 911 594 propter
935 553 1094 593 praedicta
1110 553 1281 585 tormenta
1296 552 1399 585 citius
1413 552 1597 585 decesserit
1611 561 1714 594 qnam
1732 553 1949 592 decessisset,
1967 553 1998 586 si
2007 555 2213 586 tormentata
2228 554 2370 588 minIme

773 606 955 639 extitisset.
969 606 1023 647 (A.
1041 606 1089 643 12,
1107 605 1130 637 f.
1146 605 1256 644 4821’3
1278 605 1314 638 V.
1327 607 1379 644 69,
1393 614 1447 647 ep.
1467 607 1571 644 1437.)

817 655 982 688 9841-
998 658 1079 689 Abb.
1097 663 1127 689 ec
1141 667 1231 691 conv.
1248 662 1378 692 monast.
1402 669 1428 691 ε.
1455 658 1599 696 Andreae,
1623 657 1658 688 Ο.
1674 657 1711 690 S.
1731 658 1784 697 B..
1805 659 1991 692 Aninionen.
2001 659 2064 698 dm
2087 659 2224 701 paroch
2243 659 2327 692 eccl.
2342 668 2371 693 s.

773 712 902 744 Privati
917 711 958 743 de
975 711 1158 750 Posillaco,
1175 711 1307 744 UtIcen.
1326 712 1386 748 di.‚
1402 711 1526 751 (10111).
1538 711 1634 751 tuin),
1651 711 1686 743 in
1700 720 1769 752 qua
1779 711 1838 752 jus
1853 713 2051 755 patronatus
2066 713 2136 754 Ipsi
2148 713 2285 751 habent
2300 713 2375 746 uni·

772 767 828 797 tur
843 765 897 797 off.
915 765 1112 797 infirmariae
1129 765 1184 797 sui
1198 766 1358 804 monast„
1373 765 1470 806 quus
1492 764 1646 796 redditus
1665 765 1708 796 ad
1726 766 2011 799 sustentationem
2027 766 2242 800 iufirmorum
2257 775 2374 800 mona-

773 818 912 850 chorum
941 827 1156 859 nequaquam
1182 818 1368 851 sufficiunt.
1402 835 1433 840 —-
1459 818 1487 850 Ι.
1514 827 1544 850 e.
1569 826 1615 850 m.
1633 826 1737 858 praep.
1754 818 1931 857 Tolonen„
1946 820 1980 852 et
1997 819 2123 852 archid.
2144 829 2173 852 s.
2194 820 2374 853 Michaelis

772 871 990 908 Avinionen.,
1007 880 1046 903 ac
1062 872 1226 904 Gaufrido
1243 872 1404 909 Maurini,
1421 880 1494 903 can.
1513 871 1646 903 Uticen.
1664 870 1746 903 eccl.
1777 871 1831 911 (A.
1846 873 1895 910 12,
1909 872 1934 904 f.
1947 872 2051 911 mn
2075 872 2110 904 V.
2126 875 2179 912 69.
2197 882 2251 915 ep.
2267 874 2373 914 1618.)

817 922 928 955 9845.
948 942 986 948 -
1003 924 1147 956 Arnaldo
1169 935 1239 967 ep.o
1256 924 1410 957 Albanen.
1427 924 1550 956 induit.
1570 925 1750 957 exercendi
1765 933 1945 958 censuram
1967 926 2156 959 ecclesiast.
2181 927 2218 959 in
2239 935 2322 960 suos
2339 928 2374 959 et

772 978 880 1010 famil.
899 987 1039 1010 suorum
1053 978 1269 1020 injuratores.
1281 979 1333 1017 (A.
1351 980 1401 1014 12,
1420 979 1443 1010 f.
1463 979 1522 1010 172
1536 977 1567 1015 ¹³3
1596 977 1633 1009 V.
1649 979 1701 1016 69,
1717 986 1771 1019 ep.
1784 978 1871 1020 995.)

815 1056 927 1089 9846.
946 1077 986 1083 -
999 1058 1139 1090 Arnaldo
1157 1058 1311 1091 Guillelmi
1326 1059 1363 1090 de
1377 1059 1493 1096 Auxiu,
1508 1057 1622 1090 scolari
1639 1057 1838 1091 Condomien.
1853 1058 1911 1097 di„
1928 1067 2006 1100 nep.
2023 1058 2169 1092 Arnaldi
2187 1059 2258 1101 ep.i
2270 1059 2374 1093 Alba·

771 1121 862 1150 nen.
876 1113 917 1144 de
933 1113 1110 1154 conjugato
1127 1113 1240 1154 genito
1257 1114 1291 1144 et
1311 1113 1435 1147 soluta,
1460 1112 1647 1152 dispensat.
1672 1120 1776 1153 super
1791 1111 1925 1144 defectu
1940 1112 2107 1145 natalium
2123 1113 2167 1146 ad
2182 1113 2321 1146 ordines
2337 1112 2374 1148 et

769 1165 882 1198 benef.
898 1166 1044 1198 etiamc.
1061 1175 1089 1198 c.
1108 1166 1314 1207 recipienda.
1333 1167 1385 1205 (A.
1405 1167 1454 1204 12,
1473 1165 1497 1197 f.
1517 1165 1626 1204 1721’3
1650 1165 1688 1199 V.
1701 1167 1754 1204 69,
1772 1174 1825 1206 ep.
1841 1166 1930 1207 996.)

814 1216 925 1250 9847.
949 1238 989 1244 --
1011 1218 1195 1252 Maelovien.
1219 1223 1249 1250 et
1271 1218 1400 1250 Melden.
1428 1228 1477 1259 ep.
1482 1218 1519 1255 is,
1541 1228 1577 1249 ac
1592 1217 1661 1250 abb.
1680 1223 1812 1250 monast.
1827 1229 1852 1250 ε.
1873 1218 2019 1251 Germani
2037 1219 2075 1251 de
2090 1219 2198 1251 stratis
2210 1219 2370 1254 Par-isica.

769 1273 883 1305 mand.
893 1275 930 1305 ut
938 1273 1051 1311 Petro,
1068 1273 1174 1305 electo
1183 1273 1388 1308 Ruthenen„
1398 1272 1453 1304 cui
1466 1272 1534 1304 PP.
1551 1271 1667 1305 omnia
1679 1281 1742 1304 sua
1757 1271 1870 1305 benef.
1886 1281 2065 1314 quousque
2078 1273 2370 1307 cousecrassonem

769 1327 936 1367 receperit
954 1327 1153 1364 reservavit,
1168 1326 1210 1358 ab
1226 1326 1403 1358 exactione
1422 1325 1595 1358 fructuum
1609 1325 1721 1357 benef.
1735 1325 1942 1366 hujusmodi,
1957 1327 2123 1367 praetextu
2138 1326 2372 1360 concessionis

768 1380 927 1420 Philippo
946 1381 1017 1421 regi
1031 1380 1183 1412 Franciae
1198 1380 1239 1411 de
1257 1379 1426 1411 fructibus
1439 1378 1544 1419 primi
1554 1379 1636 1412 anni
1648 1379 1760 1412 benef.
1777 1388 1849 1411 vac.
1867 1388 1887 1411 a
1900 1380 1934 1412 S.
1951 1381 1992 1412 A.
2009 1380 2116 1418 factae,
2135 1381 2235 1422 cujus
2250 1389 2372 1414 execu-

768 1434 861 1465 tores
889 1434 957 1474 ipsi
982 1434 1153 1471 dicuntur,
1181 1433 1319 1474 penitus
1348 1441 1385 1465 se
1412 1432 1617 1469 abstineant,
1643 1433 1802 1474 quodque
1825 1435 2012 1474 exegerunt
2027 1434 2223 1467 restituant.
2244 1434 2299 1476 (A.
2319 1435 2370 1472 12.

769 1487 792 1518 f.
810 1489 908 1524 17823
927 1487 959 1517 V.
973 1489 1024 1526 69,
1043 1496 1095 1527 ep.
1111 1486 1216 1526 1031.)

812 1537 924 1569 9848.
943 1558 982 1562 -
995 1540 1163 1581 Archiep.o
1183 1539 1338 1576 Tolosam,
1358 1545 1387 1570 et
1402 1539 1592 1572 Lemovicen.
1615 1549 1651 1570 ac
1669 1539 1834 1572 Caturcen.
1847 1540 1928 1582 epa}
1941 1540 2057 1572 mand.
2074 1542 2113 1573 ut
2129 1549 2226 1582 ep.os
2241 1542 2276 1574 et
2291 1539 2369 1574 abb.

767 1594 928 1634 praefatos
947 1594 988 1625 ad
1005 1594 1198 1634 supradicta
1214 1593 1430 1633 compellant.
1452 1593 1604 1635 (Ibidem).

811 1645 923 1677 9849.
953 1665 990 1671 --
1013 1648 1135 1679 Collat.
1161 1656 1279 1679 canon.
1311 1646 1375 1678 sub
1402 1656 1499 1688 exsp.
1520 1648 1601 1679 eccl.
1625 1647 1832 1686 Gerunden.‚
1851 1647 1982 1679 consid.
1997 1647 2179 1680 Guillelmi
2191 1648 2368 1688 Suari-erit,

767 1701 854 1739 mil„
874 1701 946 1733 d.ni
960 1701 1064 1732 castri
1080 1701 1121 1732 de
1135 1701 1300 1738 Cassano,
1313 1701 1508 1733 Gerunden.
1525 1701 1586 1738 di„
1605 1700 1794 1742 Berenqario
1811 1700 2012 1742 Zaporcellae,
2027 1709 2101 1733 can.
2116 1701 2266 1743 praeben.
2285 1701 2367 1736 eccl.

767 1754 940 1794 Urgellen.
957 1773 996 1778 —
1017 1755 1044 1786 I.
1061 1763 1089 1786 e.
1110 1763 1155 1785 m.
1177 1754 1306 1786 archid.
1328 1754 1495 1795 Urgelleti
1517 1756 1551 1786 et
1572 1755 1686 1786 VaIIIs
1700 1755 1876 1793 Andorrae,
1894 1756 1928 1786 et
1949 1755 2114 1793 sacristae,
2132 1763 2172 1787 ac
2186 1755 2369 1788 Franciseo
2485 1738 2517 1766 ’ὦ

766 1808 806 1839 de
822 1808 962 1846 Besord,
982 1817 1055 1839 can.
1073 1809 1155 1839 eccl.
1171 1808 1344 1849 Urgellen.
1365 1809 1418 1847 (A.
1443 1809 1490 1846 12,
1508 1808 1531 1839 f.
1550 1809 1611 1840 425
1629 1814 1663 1845 ⁸3
1686 1807 1721 1839 V.
1737 1809 1790 1844 69.
1808 1817 1861 1848 ep.
1886 1807 1993 1849 1384.)

808 1859 919 1891 9850.
938 1880 976 1884 —
991 1861 1071 1892 Abb.
1083 1866 1212 1892 monast.
1230 1872 1254 1892 s.
1267 1862 1355 1903 Syri,
1368 1866 1396 1892 et
1410 1871 1511 1903 praep.
1522 1861 1592 1892 eccl.
1607 1871 1631 1894 ε.
1646 1861 1800 1893 Ambrosii
1813 1861 1960 1900 Januen„
1976 1871 2011 1893 ac
2026 1861 2300 1894 Bartholomaeode
2313 1861 2370 1895 Re·

763 1916 828 1955 qio,
845 1925 913 1946 can.
928 1914 1076 1953 danaen„
1096 1915 1209 1946 mand.
1228 1917 1266 1947 ut
1287 1915 1404 1955 plebes
1421 1915 1462 1947 de
1489 1915 1704 1956 Ripparoiio,
1723 1915 1867 1947 Januen.
1887 1915 1947 1954 di„
1964 1924 2025 1956 per
2040 1915 2291 1956 promotionem
2305 1924 2368 1949 seu

765 1969 942 2001 electionis
963 1969 1255 2000 confirmatIonem
1272 1969 1415 2000 Joannis
1439 1969 1479 2000 de
1505 1969 1660 2006 Clavaro.
1679 1969 1786 2009 eJusd.
1806 1968 1918 2009 plebis
1938 1969 2098 2010 archipr„
2115 1969 2152 2001 in
2167 1977 2271 2010 proep.
2285 1969 2367 2002 eccl.

765 2031 793 2053 s.
810 2022 999 2054 Salvatoris
1014 2023 1055 2053 de
1078 2023 1227 2059 Lavano,
1252 2022 1361 2062 ejusd.
1379 2022 1440 2059 di„
1458 2022 1493 2053 in
1508 2021 1604 2054 brevi
1621 2025 1742 2059 vacat„
1760 2022 1936 2054 conferant
1950 2022 2135 2055 Guillelmo
2151 2022 2224 2054 filio
2239 2022 2365 2064 quond-

764 2076 910 2107 Conradi
927 2076 967 2107 de
985 2076 1146 2113 Turrilia,
1160 2077 1257 2108 dictae
1271 2076 1353 2108 eccl.
1371 2085 1400 2107 s.
1412 2075 1600 2107 Salvatoris
1617 2085 1691 2107 can.
1707 2076 1762 2117 (A.
1780 2077 1829 2114 11,
1846 2075 1870 2108 f,
1887 2077 1947 2108 302
1965 2075 1997 2114 ¹²3
2020 2075 2055 2108 V.
2071 2077 2123 2115 69,
2138 2085 2192 2117 ep.
2207 2077 2294 2116 326.)

808 2127 918 2160 9851.
939 2147 978 2152 —
1001 2130 1124 2161 Collat.
1139 2130 1280 2170 maJ'oris
1297 2128 1509 2170 archipresb.
1523 2129 1604 2161 eccl.
1620 2129 1877 2167 carcassonen„
1894 2129 1933 2162 O.
1949 2129 1983 2161 S.
1999 2129 2054 2167 A„
2071 2137 2133 2170 per
2149 2124 2232 2161 obit.
2250 2129 2368 2163 Pontii

764 2183 804 2214 de
820 2183 1027 2215 CasteIIIOne
1043 2184 1077 2215 S.
1094 2186 1135 2215 A.
1153 2193 1225 2224 cap.
1244 2192 1329 2218 vac„
1346 2183 1438 2214 Petro
1449 2182 1486 2214 de
1501 2183 1624 2224 Ruppe,
1639 2183 1746 2223 ejusd.
1763 2182 1845 2215 eccl.
1863 2191 1936 2215 can.
1950 2185 1985 2215 et
1994 2183 2098 2223 praep.
2115 2183 2156 2215 de
2171 2182 2367 2221 Badinchis.

763 2236 846 2267 dicti
863 2237 950 2274 ord„
970 2237 1214 2268 Carcassonen.
1239 2237 1284 2268 di.
1302 2254 1342 2260 —-
1359 2237 1399 2268 In
1415 2246 1443 2268 e.
1462 2245 1507 2268 m.
1529 2245 1631 2277 praep.
1652 2236 1855 2274 Massilien„
1871 2237 1904 2268 et
1921 2237 2091 2269 Bernardo
2109 2236 2368 2276 Andreae,Na1-—

762 2289 899 2327 bonen„
915 2299 953 2321 ac
968 2291 1139 2322 Bernardo
1157 2291 1198 2322 de
1214 2292 1347 2330 Ruppe,
1365 2290 1582 2330 Mirapiscen
1598 2299 1671 2322 can.
1690 2290 1771 2322 eccl.
1789 2290 1843 2328 (A.
1861 2291 1911 2327 12,
1927 2290 1951 2321 f.
1969 2290 2071 2327 122b;
2094 2290 2131 2322 V.
2144 2291 2197 2328 69,
2211 2299 2264 2331 ep.
2280 2291 2367 2329 991.)

807 2341 919 2373 9852.
941 2362 979 2366 --
1005 2344 1132 2375 Indult.
1157 2344 1367 2384 percipiendi
1386 2345 1427 2376 de
1443 2343 1616 2379 censibus,
1637 2343 1898 2375 obventionibus
1911 2345 1944 2375 et
1960 2343 2199 2377 communibus
2213 2343 2366 2376 servitiis
2432 2353 2458 2355 ’·

763 2405 838 2428 eam
854 2398 984 2437 partem
1001 2406 1103 2437 quam
1122 2399 1307 2437 praesentes
1324 2400 1358 2428 in
1375 2399 1474 2430 Rom.
1495 2397 1599 2429 Curia
1614 2397 1816 2437 percipiunt,
1834 2397 1976 2428 Arnaldo
1993 2407 2065 2439 ep.o
2080 2396 2230 2430 Albanen.
2249 2405 2365 2438 quam-

762 2450 821 2481 diu
831 2450 893 2482 hac
908 2450 981 2482 vice
998 2450 1122 2482 absens
1138 2451 1253 2483 fuerit.
1275 2451 1325 2490 (A.
1346 2453 1395 2486 11.
1411 2451 1434 2483 f.
1455 2451 1558 2488 130b;
1583 2450 1617 2483 V.
1636 2453 1688 2489 69,
1705 2459 1758 2490 ep,
1777 2452 1882 2490 1030.)

807 2503 818 2514 ’
839 2501 950 2533 9853.
967 2523 1005 2527 -
1018 2505 1191 2536 Remissio
1203 2505 1489 2536 ambasciatorum
1499 2513 1560 2545 per
1571 2504 1738 2535 Hem-icum
1753 2511 1855 2545 reyem
1870 2503 1970 2545 Cypri
1981 2504 2231 2536 destinatorum
2242 2503 2285 2535 ad
2296 2503 2364 2536 PP.

762 2557 821 2598 qui
839 2557 960 2589 nolens
978 2558 1129 2597 recipere
1148 2559 1435 2597 compromissum
1447 2567 1508 2598 per
1524 2558 1620 2598 ipsos
1635 2557 1789 2590 oblatum
1806 2557 1894 2590 inter
1909 2557 2038 2589 dictum
2058 2565 2173 2598 regem
2189 2566 2232 2589 ex
2247 2565 2316 2589 una
2329 2558 2364 2590 et

761 2619 939 2643 commune
966 2612 1108 2642 Januen.
1139 2611 1295 2651 partibus
1315 2620 1359 2644 ex
1384 2612 1502 2648 altera,
1527 2620 1570 2643 ex
1584 2620 1623 2643 eo
1648 2611 1739 2652 quod
1752 2610 1857 2643 verba
1871 2611 1954 2643 dicti
1968 2610 2209 2651 compromissi
2225 2610 2366 2652 longum

760 2665 906 2696 tractum
916 2664 1058 2705 ⁸iuridici
1078 2665 1247 2696 examinis
1270 2665 1500 2705 requirebant,
1514 2665 1677 2697 adhibitis
1693 2664 1794 2696 bonis
1808 2664 1895 2696 viris
1909 2664 2089 2705 utriusque
2105 2664 2215 2704 partis
2227 2671 2366 2696 concor-

760 2718 853 2749 diam
871 2718 1106 2750 affectantibus
1123 2718 1372 2750 ordinationem
1388 2727 1448 2759 per
1466 2719 1561 2760 ipsos
1578 2719 1702 2750 factam
1718 2719 1752 2750 et
1767 2727 1828 2758 per
1844 2718 1974 2750 dictum
1989 2726 2104 2759 regem
2125 2717 2365 2757 acceptandam

759 2772 982 2803 transmittit:
1000 2772 1067 2803 eid.
1091 2772 1164 2812 regi
1181 2773 1294 2803 mand.
1315 2774 1352 2804 ut
1365 2773 1504 2804 interim
1521 2772 1562 2804 ab
1580 2772 1739 2804 omnibus
1754 2771 1863 2812 ejusd.
1879 2771 2071 2804 communis
2089 2772 2123 2803 et
2138 2779 2377 2818 personarum*

760 2825 870 2864 ipsius
887 2826 997 2857 cesset
1015 2825 1166 2857 offensis.
1182 2825 1232 2865 (A.
1249 2827 1298 2861 12,
1317 2826 1340 2856 f.
1356 2827 1414 2857 130
1425 2826 1456 2862 ¹²3
1476 2825 1509 2858 V.
1526 2828 1577 2864 69,
1596 2835 1649 2866 ep.
1667 2827 1773 2865 1038.)

804 2875 916 2907 9854.
940 2896 977 2901 —-
994 2878 1128 2919 Indulg.
1148 2879 1250 2910 unius
1268 2879 1348 2910 anni
1364 2881 1397 2911 et
1422 2888 1465 2910 xi.
1493 2879 1627 2910 dierum
1648 2878 1869 2911 visitantibus
1885 2878 1965 2910 eccl.
1983 2887 2012 2910 s.
2029 2878 2124 2910 Petri
2138 2878 2180 2910 de
2198 2878 2362 2915 Romevo‚

760 2932 979 2964 Cendomien.
1002 2932 1061 2968 di..
1078 2941 1138 2972 per
1154 2932 1343 2964 Arnaldum
1369 2942 1484 2973 ep.um
1509 2932 1675 2965 Albanen.
1701 2933 1876 2964 fundatam
1898 2932 1935 2963 in
1957 2931 2012 2964 die
2038 2932 2223 2964 consecrat.
2251 2930 2362 2971 ipsius

761 2985 840 3016 eccl.
859 2987 892 3017 et
911 2993 925 3012 c
943 2986 1076 3017 dierum
1092 2994 1152 3026 per
1167 2987 1330 3017 octavam.
1349 2986 1402 3025 (A.
1428 2987 1476 3024 12,
1496 2986 1518 3018 f.
1538 2988 1596 3018 129
1612 2986 1642 3023 ἱ),
1666 2985 1699 3017 V.
1719 2987 1772 3024 69,
1790 2995 1843 3027 ep.
1863 2985 1970 3025 1039.)
