2592 3562
398 301 459 333 260

432 391 536 419 Datum
551 387 735 421 Avenione.

477 706 514 734 17
527 706 596 742 jun.
616 706 704 735 1318.

485 752 537 787 (xv
550 751 610 779 kal.
626 751 694 788 jul.)

546 1132 581 1160 Ut
601 1140 624 1159 s.

542 1337 581 1372 “Ut
594 1352 617 1371 s.

539 1717 575 1744 Ut
595 1725 619 1744 s.

537 1984 572 2012 Ut
593 1993 616 2011 s.

458 2462 496 2490 19
506 2463 574 2498 jun.
594 2464 682 2493 1318.

460 2511 528 2544 <xm
543 2508 603 2536 kal.
615 2509 682 2545 jul.)

528 2677 565 2705 Ut
580 2685 604 2706 s.

449 2942 489 2970 24
500 2944 568 2978 jun.
588 2944 677 2973 1318.

450 2989 514 3022 (vm
534 2988 592 3016 kal.
608 2989 676 3025 jul.)

809 301 983 334 JOANNIS
1006 302 1124 334 PAPAE
1146 303 1248 335 XXII.
1273 306 1521 343 (ww-1334).
1545 322 1583 328 —
1605 303 1792 335 LITTERAE
1815 303 1867 334 DE
1888 302 2013 335 CURIA

823 502 899 525 care
916 494 1105 534 contigerit,
1126 503 1186 534 per
1210 495 1359 526 medium
1383 495 1489 526 dividi
1512 494 1647 532 debent,
1666 502 1811 535 quorum
1835 494 2052 526 medietatem
2071 503 2206 527 camera
2226 495 2266 527 E.
2283 495 2324 528 R.
2340 496 2426 528 reci'·

824 546 906 587 piat,
924 546 1089 587 reliquam
1120 556 1199 579 vero
1227 548 1368 588 recipiat
1385 549 1444 580 ille
1461 548 1519 588 qui
1544 547 1655 579 benef.
1685 547 1816 579 obtinet
1846 556 1907 587 pro
1939 549 2186 580 sustentatione
2205 557 2269 581 sua
2290 551 2322 581 et
2345 549 2424 581 aliis

823 600 930 639 ejusd.
954 600 1064 631 henes.
1091 600 1251 631 oneribus
1276 601 1529 641 supportandis,
1544 601 1595 639 (A.
1615 602 1662 637 10,
1685 600 1708 631 f.
1725 602 1786 632 469
1803 600 1834 636 ¹·;
1858 599 1889 630 V.
1913 602 1963 638 67,
1981 609 2034 641 ep.
2051 602 2091 633 83
2106 602 2143 632 de
2156 611 2222 632 cur.
2238 611 2246 637 ;
2262 601 2422 641 Theinen

824 662 876 694 op.
893 652 958 690 cia,
977 662 1008 693 p.
1027 654 1113 691 462.)

867 703 978 735 8209.
997 721 1035 728 ·-
1049 706 1219 747 Arc-laima
1235 706 1455 747 Salzeburyen.
1465 712 1492 738 et
1508 717 1590 748 may.
1607 706 1718 747 Rufino
1735 706 1772 737 de
1785 705 1896 738 Civino
1912 707 2025 738 nuncio
2035 707 2149 739 mand.
2166 708 2215 746 ut,
2229 717 2306 740 cum
2325 708 2424 741 alteri

822 768 939 791 eorum
958 760 1093 791 nomine
1107 759 1196 791 Eccl.
1217 761 1378 792 Romanae
1397 761 1498 792 fuerit
1516 760 1730 791 satisfactum
1749 760 1789 791 de
1806 760 1956 792 marchis
1973 761 2104 801 argenti
2120 762 2181 794 603
2195 764 2228 794 et
2247 763 2299 801 112
2315 761 2358 794 ab
2370 771 2425 794 ar-

822 812 952 852 chiep.o
967 813 1185 852 Strigonien„
1203 815 1262 845 953
1277 822 1296 844 a
1317 814 1546 848 Transilvan.‚
1561 815 1601 845 30
1619 815 1650 845 et
1663 814 1714 853 112
1729 822 1749 844 a
1763 812 2095 854 Quinquecclesien.,
2110 815 2151 847 30
2169 817 2202 846 et
2217 816 2270 854 112
2285 824 2305 847 a
2319 814 2426 848 Tran-
2480 813 2526 860 ’.ζ

822 866 943 897 silvan.
961 867 993 897 et
1008 867 1065 897 124
1081 874 1100 897 a
1115 866 1344 906 Vesprimien.
1363 867 1462 907 epis,
1479 867 1514 897 in
1531 866 1657 906 quibus
1673 865 1705 896 b.
1724 874 1769 897 m.
1786 866 1916 898 Gentili
1932 867 1986 898 tit.
2003 876 2031 899 s.
2047 867 2186 900 Martini
2202 868 2239 900 in
2248 868 2424 901 Montibus

821 918 933 959 presb.
952 919 1055 956 card„
1070 921 1150 950 tunc
1172 919 1207 950 in
1230 920 1387 959 partibus
1409 920 1480 951 illis
1498 919 1652 959 fungenti
1680 919 1863 959 legationis
1884 920 2008 957 officio,
2026 929 2088 961 pro
2106 929 2246 953 suarum
2264 930 2425 962 procura·
2489 914 2526 956 -Ῐὲ

775 965 778 967 ’
820 972 951 1003 tionum
971 972 1106 1003 residuo
1120 972 1334 1009 tenebantur,
1349 981 1368 1003 a
1383 974 1478 1004 reatu
1498 973 1640 1013 perjurii
1657 974 1690 1003 et
1706 981 1837 1004 excom.
1851 974 2033 1010 sententia.
2050 983 2112 1015 pro
2128 983 2196 1006 non
2213 974 2337 1007 solutis
2353 975 2422 1008 dio-

820 1025 866 1056 tis
883 1025 1031 1056 marchis
1058 1026 1093 1056 in
1115 1026 1253 1058 statutis
1276 1026 1434 1057 terminis
1450 1027 1599 1062 incursa,
1619 1025 1798 1063 absolvant
1814 1027 1848 1057 et
1864 1027 1968 1058 etiam
1987 1036 2090 1067 super
2110 1027 2374 1069 irregularitate.
2391 1029 2423 1061 si
2490 1021 2519 1064 ζὲ

821 1087 922 1119 quam
936 1078 1177 1116 contraxerint,
1196 1079 1406 1119 dispensent.
1422 1079 1473 1118 (A.
1494 1080 1543 1116 10,
1561 1079 1583 1109 f.
1600 1080 1662 1111 460
1676 1084 1707 1117 ⁸3
1729 1079 1766 1110 V.
1782 1081 1834 1116 67,
1853 1088 1906 1120 ep.
1922 1081 1962 1112 85
1976 1080 2014 1112 de
2027 1082 2111 1122 cur.)

864 1128 973 1161 8210.
991 1149 1030 1154 -
1043 1131 1203 1163 Bernardo
1218 1132 1255 1163 de
1265 1143 1290 1163 s.
1307 1133 1454 1163 Mauricio
1470 1137 1498 1163 et
1513 1132 1586 1163 aliis
1599 1131 1809 1163 collectoribus
1819 1133 1855 1164 in
1870 1133 2084 1174 Lugdunen.,
2103 1134 2285 1173 Viennen.‚
2299 1135 2422 1168 13ng,

819 1185 895 1222 tin.,
911 1184 1081 1216 Ebredun.
1099 1187 1132 1216 et
1149 1186 1386 1217 Tarantasien.
1401 1185 1588 1226 provinciis
1604 1186 1776 1226 deputatis
1792 1186 1984 1219 declaratur
1998 1188 2090 1228 quod
2103 1187 2215 1220 benef.
2238 1188 2423 1230 hospitglig

820 1247 847 1270 Β·
869 1238 1021 1276 Antonii,
1040 1247 1170 1270 necnon
1186 1239 1465 1277 infirmariarum,
1481 1239 1832 1279 eleemosynariarum
1850 1249 1888 1271 ac
1903 1241 2140 1273 sacristiarum
2152 1241 2285 1274 fructus
2299 1243 2333 1274 et
2345 1250 2424 1282 pro-

819 1293 940 1322 ventus
953 1294 1125 1332 percipere
1142 1292 1296 1324 debeant.
1314 1293 1368 1333 (A.
1391 1294 1439 1330 10,
1458 1292 1480 1323 f.
1500 1293 1561 1324 460
1576 1292 1590 1314 b
1601 1301 1611 1330 ;
1634 1292 1668 1324 V.
1685 1295 1736 1331 67,
1755 1302 1808 1333 ep.
1827 1294 1867 1326 86
1881 1293 1918 1324 de
1930 1303 1995 1324 cur.
2010 1303 2018 1332 3
2039 1293 2168 1332 Goulon,
2182 1303 2216 1327 n.
2234 1296 2320 1335 630.)

864 1342 974 1374 8211.
989 1363 1027 1368 —-
1043 1344 1125 1385 Maq.
1142 1345 1236 1376 Petro
1249 1345 1392 1376 Durandi
1406 1350 1436 1376 et
1452 1345 1615 1377 Bernardo
1627 1345 1664 1376 de
1679 1345 1782 1377 Monte
1801 1346 1938 1378 Valrano
1951 1346 2164 1379 collectoribus
2178 1348 2215 1380 in
2225 1348 2424 1390 infrascrip-

819 1398 863 1429 tis
879 1398 1064 1438 provinciis
1080 1399 1273 1430 declaratur
1293 1399 1384 1439 quod
1408 1399 1553 1438 priores,
1571 1399 1746 1440 praepositi
1762 1401 1796 1431 et
1814 1400 1874 1431 alii
1895 1401 2028 1440 praelati
2037 1401 2218 1442 ,regulares
2232 1401 2298 1434 sub
2314 1409 2351 1434 se
2362 1401 2422 1435 12⁸·

818 1451 937 1483 bentes
953 1452 1096 1492 collegia
1111 1452 1165 1483 vel
1182 1461 1276 1484 conv,
1293 1461 1354 1492 per
1372 1452 1760 1492 Maguntin.‚Colonien.
1778 1455 1811 1485 et
1827 1454 2009 1486 Treveren.
2026 1455 2214 1495 provinciis
2229 1455 2421 1492 constituti.

818 1513 948 1536 necnon
964 1505 1017 1535 illi
1035 1506 1092 1545 qui
1107 1505 1142 1536 in
1158 1505 1505 1545 archiepiscopalibus
1518 1507 1552 1537 et
1567 1506 1821 1546 episcopalibus
1839 1507 1920 1539 eccl.
1938 1510 2155 1547 personatuS,
2169 1508 2353 1549 dignitates
2365 1508 2421 1542 vel
2444 1545 2455 1559 ὲ

819 1559 872 1589 off.
890 1558 1042 1589 obtinent
1062 1567 1080 1589 a
1105 1559 1266 1598 praedicta
1287 1559 1456 1590 solutione
1481 1559 1652 1591 fructuum
1670 1560 1772 1599 primi
1792 1561 1872 1592 anni
1895 1569 2110 1602 nequaquam
2129 1562 2340 1600 eximuntur,
2357 1570 2423 1595 nec

818 1611 928 1642 benef.
946 1621 1019 1651 quae
1036 1621 1097 1642 sex
1123 1612 1248 1656 march.
1268 1621 1436 1643 summam
1461 1613 1612 1644 valorem
1637 1622 1787 1644 annuum
1804 1614 1983 1646 excedunt.
2003 1614 2056 1653 (A.
2076 1616 2127 1653 10,
2143 1615 2168 1646 f.
2180 1617 2238 1648 461
2257 1620 2295 1653 ⁸3
2313 1615 2349 1647 V.
2366 1617 2420 1654 67,

817 1673 870 1705 ep.
889 1666 927 1696 87
942 1665 978 1694 de
991 1675 1077 1702 σωκ,
1095 1665 1282 1696 Sauerland
1297 1665 1521 1707 (Rheinlande)‚
1535 1666 1561 1702 I,
1580 1675 1613 1706 p.
1629 1668 1700 1705 232,
1720 1676 1753 1697 n.
1771 1669 1857 1705 494.)

861 1715 969 1747 8212.
991 1736 1028 1740 —-
1045 1718 1130 1758 May.
1147 1718 1348 1759 Baymumdo,
1365 1719 1477 1749 decano
1493 1719 1566 1750 eccl.
1589 1719 1808 1758 Calambrien„
1823 1725 1851 1751 et
1869 1720 1941 1751 aliis
1957 1720 2170 1753 collectoribus
2187 1722 2221 1752 in
2231 1722 2420 1765 infrascrip·
2494 1702 2522 1733 ‘³ss

818 1771 856 1801 tis
876 1772 1045 1811 provinciis
1067 1772 1256 1802 declaratur
1281 1773 1370 1812 quod
1391 1773 1572 1813 dignitates
1591 1782 1708 1804 curam
1731 1775 1922 1805 animarum
1939 1774 2103 1807 habentes
2121 1777 2153 1807 et
2167 1783 2230 1815 per
2247 1775 2417 1815 Toletan.,

816 1825 962 1864 [spalen.
982 1827 1014 1856 et
1029 1825 1293 1864 Compostellan.
1310 1826 1506 1865 provincias
1523 1827 1712 1864 constituti,
1731 1836 1860 1859 necnon
1875 1830 1908 1859 et
1924 1827 2049 1866 benef„
2067 1837 2142 1869 quae
2164 1829 2419 1869 patrimonialia
2474 1830 2477 1832 ⁴

816 1878 886 1909 sore
901 1880 1097 1912 noscuntur,
1116 1887 1153 1909 ac
1175 1878 1278 1919 praeb.
1303 1879 1385 1911 eccl.
1404 1880 1439 1910 in
1463 1879 1589 1919 quibus
1605 1889 1673 1911 non
1698 1883 1750 1912 est
1774 1882 1888 1912 certus
1911 1881 2024 1912 benef.
2053 1891 2230 1921 numerus,
2248 1891 2268 1914 a
2282 1884 2420 1923 praesta·

805 1931 905 1979 *tione
920 1931 1091 1963 fructuum
1108 1932 1210 1971 primi
1228 1933 1307 1963 anni
1323 1941 1389 1963 non
1405 1933 1612 1965 eximuntur.
1630 1934 1683 1974 (A.
1707 1935 1754 1971 10,
1772 1934 1795 1965 f.
1816 1936 1878 1966 462
1892 1940 1926 1973 ³;
1950 1934 1984 1965 V.
2001 1937 2053 1970 67,
2073 1944 2126 1975 ep.
2143 1936 2195 1974 89,
2212 1935 2250 1967 de
2266 1937 2346 1976 cur.)

859 1982 967 2013 8213.
988 2002 1026 2006 —
1044 1984 1125 2025 May.
1142 1985 1285 2016 Arnaldo
1309 1986 1467 2017 Sabaterii
1486 1993 1515 2017 et
1535 1986 1607 2017 aliis
1625 1987 1838 2018 collectoribus
1852 1988 2012 2028 fructuum
2024 1989 2121 2030 primi
2144 1989 2220 2020 anni
2232 1989 2331 2030 benef.
2348 1999 2416 2021 vac.

815 2038 898 2068 etad
917 2038 1082 2068 triennium
1106 2045 1203 2069 vacat.
1224 2040 1260 2070 in
1286 2041 1532 2076 Ravennatem,
1553 2041 1696 2072 Januen.
1722 2043 1754 2072 et
1778 2041 2004 2073 Mediolanen.
2023 2042 2223 2083 provinciis,
2241 2051 2302 2083 per
2324 2043 2357 2075 S.
2371 2045 2415 2076 A.
2472 2052 2473 2055 ’
2490 2054 2503 2086 ζ

813 2091 995 2130 deputatis,
1009 2093 1225 2131 responditur
1240 2093 1328 2132 quod
1347 2093 1427 2124 licet
1439 2094 1474 2124 in
1492 2093 1696 2134 quibusdam
1709 2094 1792 2126 eccl.
1807 2095 2061 2135 provinciarum
2077 2096 2230 2127 earumd.
2248 2095 2415 2135 canonici.
2580 2111 2581 2115 =

812 2153 855 2175 ex
870 2145 1036 2176 dictarum
1053 2145 1134 2176 eccl.
1154 2146 1398 2178 consuetudine
1417 2147 1471 2178 vel
1490 2149 1630 2185 statuto,
1648 2150 1807 2179 vacantes
1821 2149 1956 2188 possint
1971 2150 2088 2188 optare
2105 2148 2315 2189 praebendas,
2334 2149 2416 2182 licet

811 2198 914 2229 etiam
932 2198 1084 2237 tempore
1098 2199 1328 2238 deputationis
1343 2200 1511 2240 praedictae
1528 2201 1692 2232 nonnulla
1706 2201 1818 2233 benef.
1831 2203 1990 2234 vacarent
2005 2203 2038 2233 et
2051 2203 2258 2240 vacaverint,
2268 2211 2415 2244 quorum

811 2251 926 2291 aliqua
941 2254 1028 2282 auct.
1046 2254 1155 2291 apost.
1175 2252 1309 2284 fuerant
1324 2256 1508 2289 reservata,
1526 2254 1642 2294 aliqua
1658 2263 1739 2286 vero
1753 2255 1793 2286 de
1812 2255 1900 2286 facto
1914 2255 2178 2295 possidebantur
2193 2255 2321 2295 injuste
2331 2265 2342 2293 ς
2357 2257 2414 2289 de·

809 2305 940 2343 putatio
956 2314 1035 2336 vero
1057 2305 1252 2345 hujusmodi
1269 2307 1310 2337 ad
1335 2306 1431 2337 illam
1453 2315 1496 2338 ex
1513 2307 1614 2339 dictis
1635 2307 1739 2347 praeb.
1759 2317 1834 2348 quae
1857 2309 1969 2348 primo
1988 2309 2121 2340 vacavit
2138 2310 2172 2340 et
2186 2309 2230 2340 ad
2243 2318 2283 2341 ea
2299 2309 2412 2342 benef.

810 2360 995 2396 reservata,
1011 2359 1167 2398 quamvis
1192 2359 1267 2398 ipsa
1291 2359 1419 2400 aliquis
1433 2360 1638 2400 possideret,
1657 2370 1695 2392 ac
1708 2361 1751 2392 ad
1768 2370 1808 2393 ea
1822 2371 1897 2402 quae
1915 2365 2067 2402 tempore
2079 2362 2312 2402 deputationis
2326 2371 2427 2403 prmo.

808 2411 904 2442 dictae
916 2411 956 2442 de
966 2411 1041 2451 Jure
1058 2412 1231 2449 vacabant,
1248 2414 1385 2444 extendi
1403 2413 1534 2445 debeat.
1555 2414 1608 2452 (A.
1625 2416 1674 2452 11,
1691 2415 1714 2446 f.
1731 2417 1792 2447 494
1809 2420 1823 2437 ³
1832 2425 1842 2452 3
1862 2415 1899 2446 V.
1908 2417 1960 2452 69,
1978 2424 2031 2455 ep.
2050 2417 2108 2447 123
2124 2418 2164 2453 Α,
2181 2415 2218 2446 de
2233 2416 2334 2448 curia.

852 2461 962 2493 8214.
980 2483 1018 2487 -
1043 2465 1198 2496 Amanevo
1216 2476 1283 2506 ep.o
1309 2466 1470 2507 Aqennen.
1497 2469 1611 2499 mand.
1637 2469 1674 2499 ut
1699 2469 1882 2509 quemdam
1902 2469 2116 2509 capellanum
2134 2478 2204 2501 suae
2228 2469 2289 2508 di.‚
2310 2477 2412 2510 quem

807 2526 842 2549 n.
858 2527 888 2548 v.
909 2519 1104 2549 Amanevus
1131 2519 1171 2550 de
1200 2520 1356 2558 Fossato,
1377 2521 1490 2557 miles,
1516 2521 1751 2554 locumtenens
1780 2522 1962 2554 senescalli
1991 2523 2181 2561 Vaseoniae,
2202 2523 2239 2556 in
2264 2530 2408 2555 excessu

807 2572 905 2611 quasi
923 2571 1086 2612 fragranti
1103 2573 1220 2604 contra
1236 2574 1379 2605 nuncios
1398 2576 1507 2614 apost.
1527 2576 1720 2611 arrestavit,
1737 2577 1770 2607 et
1783 2575 1851 2616 ipsi
1865 2584 1942 2616 ep.o
1955 2576 2009 2608 vel
2025 2585 2087 2607 suo
2106 2576 2246 2608 officiali
2261 2576 2408 2615 remisit,

806 2624 870 2656 sub
887 2625 954 2656 fida
970 2625 1123 2657 custodia
1134 2626 1234 2665 Papae
1244 2627 1466 2659 transmittat.
1481 2628 1533 2666 (A.
1546 2630 1596 2667 10,
1608 2628 1632 2660 f.
1643 2630 1726 2661 458·
1734 2638 1744 2667 ;
1763 2628 1796 2660 V.
1809 2631 1861 2665 67,
1874 2638 1927 2670 ep.
1938 2631 1976 2660 77
1985 2629 2023 2660 de
2035 2639 2100 2660 cur.
2108 2639 2118 2666 ς
2133 2628 2264 2667 Coulon,
2275 2638 2309 2661 n.
2320 2629 2409 2669 631.)

849 2675 959 2708 8215.
977 2697 1015 2702 —-
1031 2679 1213 2720 Raymundo
1225 2679 1262 2710 de
1275 2679 1446 2718 Lavernlia,
1462 2682 1565 2722 priori
1580 2692 1606 2714 s.
1623 2682 1756 2714 Antonii
1769 2682 1807 2714 de
1822 2683 1965 2724 Aqenno,
1979 2693 2015 2714 ac
2032 2682 2166 2715 Girardo
2189 2682 2228 2714 de
2244 2683 2408 2720 Bassiano,

804 2732 944 2772 majoris,
959 2737 988 2762 et
1004 2732 1136 2763 Sicardo
1158 2732 1195 2763 de
1215 2732 1340 2772 Ursam,
1362 2744 1385 2765 s.
1403 2734 1551 2775 caprasii
1574 2736 1735 2776 Ayennen.
1754 2735 1828 2767 eccl.
1848 2737 2061 2777 [canonicis],
2080 2737 2192 2768 mand.
2210 2738 2248 2768 ut
2263 2737 2423 2772 Petrum,
2480 2720 2515 2776 ξ’

803 2785 843 2817 de
859 2785 1052 2822 Galeciano,
1068 2794 1140 2817 can.
1168 2787 1357 2826 Agennen„
1380 2788 1484 2820 citent
1500 2791 1538 2821 ut
1561 2789 1652 2821 infra
1667 2791 1706 2822 30
1729 2790 1804 2821 dies
1828 2792 1937 2830 apost.
1957 2790 2153 2830 conspectui
2171 2799 2208 2822 se
2222 2790 2406 2830 praesentet

802 2839 843 2870 de
861 2838 1060 2870 excessibus
1076 2841 1193 2870 contra
1207 2840 1338 2879 Papam
1353 2842 1385 2872 et
1400 2841 1433 2873 S.
1449 2842 1490 2873 A.
1507 2843 1705 2874 commissis
1722 2852 1963 2883 responsurus.
1984 2844 2037 2885 (A.
2058 2845 2107 2881 10,
2126 2843 2150 2874 f.
2163 2844 2224 2876 458
2240 2848 2255 2865 ⁸
2266 2852 2276 2880 ;
2298 2843 2335 2875 V.
2349 2844 2404 2881 67,

802 2901 854 2932 ep.
874 2894 913 2923 78
925 2892 961 2923 de
976 2902 1054 2930 cur„
1072 2892 1199 2929 Coqun,
1214 2902 1246 2924 n.
1265 2893 1350 2934 632.)
2010 2905 2014 2908 ·

845 2942 954 2975 8216.
974 2965 1012 2969 -
1029 2946 1070 2976 Ν.
1087 2956 1114 2976 υ.
1131 2946 1297 2985 Rainaldo,
1323 2948 1425 2978 Azoni
1439 2954 1467 2979 et
1491 2949 1634 2990 Opizoni,
1661 2950 1888 2987 marchionibus
1907 2950 2029 2988 Eum,
2045 2952 2083 2982 ut
2107 2950 2261 2991 quaedam
2281 2958 2404 2991 magna

799 2999 926 3039 palatia
943 2999 979 3031 in
997 2999 1089 3031 civit.
1115 3000 1320 3038 Ferrarien„
1343 3002 1385 3032 ad
1402 3002 1443 3034 R.
1463 3003 1500 3034 E.
1524 3003 1728 3043 pertinente,
1749 3013 1824 3044 quae
1840 3004 1908 3043 ipsi
1930 3003 2134 3042 inhabitant,
2154 3012 2295 3045 quaeque
2316 3006 2403 3036 tem·
