2592 3562
481 319 735 352 APPENDICES
757 319 814 350 AD
835 318 1016 349 TERTIUM
1040 318 1187 350 ANNUM
1210 319 1406 350 BULLARII
1427 320 1600 351 JOANNIS
1623 321 1724 351 XXII.
1748 339 1786 344 —-
1810 324 2045 362 (1316-1334)

285 413 390 442 Datum
407 408 593 442 Avenione.

318 517 354 544 13
372 519 454 544 mart.
472 515 559 543 1319.

316 1046 354 1074 15
371 1050 454 1074 mart.
474 1047 563 1074 1319.

314 1260 352 1288 31
370 1263 452 1288 mart.
472 1261 559 1288 1319.

281 1304 343 1341 (Die
359 1305 463 1333 ultimo
483 1305 593 1332 mensis

319 1351 406 1377 mart.
427 1349 487 1377 ind.
503 1349 556 1385 2³).

287 1961 390 1988 Datum
409 1954 590 1988 Avenione.

289 2011 303 2038 1
320 2008 405 2046 (kal.)
418 2015 481 2044 apr.
503 2007 590 2035 1319.

284 2174 390 2202 Datum
407 2168 591 2202 Avenione.

324 2222 364 2250 23
384 2230 446 2258 apr.
466 2221 554 2249 1319.

325 2267 367 2303 (rx
384 2267 443 2294 kal.
461 2266 555 2301 maii.)

251 2382 334 2409 Anno
352 2381 439 2409 1319.
451 2396 487 2401 -
498 2381 559 2408 lnd.
576 2381 624 2412 11⁸,

251 2426 297 2454 die
318 2427 394 2454 xlv*
412 2425 522 2453 mensis
543 2425 625 2460 maii,

251 2469 386 2498 videlicet
402 2470 449 2497 die
468 2470 545 2497 lunae
558 2472 626 2497 ante

285 2514 392 2543 festum
408 2513 593 2543 Ascensionis

401 2558 477 2586 D.ni.

328 2967 365 2995 19
381 2968 450 2994 maii
464 2967 552 2995 1319.

2214 328 2274 357 457

725 509 858 540 10256.
876 530 914 534 -
931 512 1055 543 Petrus
1071 511 1263 551 patriarcha
1278 511 1549 542 Jerosolimitan.
1566 514 1599 542 et
1615 520 1713 551 ep.us
1737 513 1926 544 Ruthenen.
1947 516 2167 548 constituerat
2182 518 2276 548 Guil-

677 566 819 597 lelmum
836 565 986 602 Labona,
1003 566 1169 596 rectorem
1190 564 1271 595 eccl.
1289 573 1317 594 s.
1336 564 1428 595 Petri
1449 564 1489 595 de
1512 565 1704 604 Latapetra,
1722 567 1754 596 et
1779 566 1967 598 Deodatum
1987 568 2027 598 de
2051 569 2178 603 Planis,
2194 571 2274 602 eccl.

678 628 706 650 s.
722 618 961 656 Austrimonii,
987 618 1034 648 di.
1051 617 1256 654 Ruthenen.,
1285 619 1522 656 procuratores
1542 618 1583 648 ad
1603 618 1737 657 negotia
1759 620 1790 649 et
1816 619 1856 649 ad
1879 619 1968 654 lites,
1988 629 2116 652 necnon
2134 623 2175 652 ad
2195 624 2278 654 reci-

678 672 836 712 piendam
852 672 1021 702 rationem
1039 671 1079 702 de
1095 670 1201 711 gestis
1215 671 1248 701 et
1267 670 1527 707 administratis,
1543 671 1583 702 de
1599 670 1789 702 redditibus
1803 673 1836 702 et
1847 673 2068 710 proventibus
2087 676 2210 706 casalis
2225 676 2279 707 sui

678 725 718 756 de
735 725 939 762 Psimolosa,
957 725 992 755 in
1017 733 1120 764 regno
1138 723 1256 763 Cypri,
1273 726 1305 754 et
1330 723 1410 754 aliis
1434 723 1533 754 bonis
1553 732 1572 754 a
1595 723 1636 754 fr.
1655 724 1830 755 Bernardo
1858 725 1898 755 de
1926 725 2069 763 Mureto,
2098 727 2278 766 hospitalis

680 787 707 809 s.
724 778 866 809 Joannis
882 777 1150 809 Jerosolimitan.
1169 776 1280 816 ipsius
1295 776 1495 815 patriarchae
1509 777 1727 815 procuratore
1746 777 1781 807 in
1794 777 1906 816 Cypro
1920 779 1952 808 et
1967 778 2045 808 aliis
2061 779 2278 818 quibuscum-

680 840 744 871 que
770 832 938 871 personis,
957 831 1022 862 Sed
1047 839 1122 861 cum
1141 830 1251 860 dictus
1269 829 1443 860 Deodatus
1462 829 1495 859 in
1522 830 1597 860 eod.
1615 838 1718 869 regno
1737 831 1922 869 perventus
1935 831 2192 863 infirmitatibus
2207 842 2280 873 gra-

679 886 816 916 varetur
832 884 1008 924 praefatum
1025 883 1236 914 Bernardum
1253 884 1506 922 procuratorem
1523 883 1631 922 ejusd.
1657 883 1856 923 patriarchae
1872 884 2085 915 confirmavit
2100 887 2132 916 et
2154 887 2281 916 consti-

680 939 745 969 tuit
760 938 801 968 ad
828 938 890 968 illa
908 946 982 977 quae
1003 937 1070 968 sibi
1089 945 1107 967 a
1123 935 1315 976 patriarcha
1332 936 1471 975 praefato
1490 936 1674 967 commissa
1690 936 1824 968 fuerant
1839 938 2040 977 peragenda.
2058 937 2170 978 (Ori9.,
2191 949 2277 980 per-9.

681 1000 838 1032 maqnum3
857 1000 889 1021 n.
903 992 947 1029 6.)

684 1038 686 1040 ’
727 1042 863 1073 10257.
880 1062 919 1067 -
935 1044 1094 1076 Tiberius
1109 1043 1297 1075 Terdonen.
1313 1051 1411 1082 ep.us
1427 1045 1459 1073 et
1470 1051 1583 1073 comes
1598 1043 1774 1074 constituit
1782 1043 1975 1075 Rolandum
1991 1044 2188 1076 ministrum
2198 1046 2278 1076 eccl.

682 1107 709 1128 s.
726 1098 872 1138 Brigidae
889 1098 929 1128 de
951 1098 1202 1133 Montecorono,
1227 1096 1415 1127 Terdonen.
1434 1096 1493 1132 di..
1511 1098 1764 1135 procuratorem
1783 1105 1883 1127 suum
1901 1097 1943 1127 ad
1957 1097 2037 1128 lites
2053 1099 2085 1129 et
2107 1107 2160 1138 ap.
2178 1099 2278 1130 Rom.

681 1152 822 1182 curiam.
846 1169 883 1174 —-
900 1151 1027 1183 Datum
1043 1150 1116 1182 Ind.
1133 1151 1178 1188 22,
1195 1150 1249 1181 die
1263 1149 1353 1189 Jovis
1370 1158 1415 1180 xv
1428 1151 1528 1180 mart.
1546 1150 1581 1179 in
1599 1150 1734 1181 civitate
1748 1150 1866 1181 Januae
1883 1151 1918 1181 in
1931 1153 2097 1182 conventu
2113 1152 2280 1183 Eremita-

681 1214 767 1236 rum.
786 1205 887 1245 (Or-iq.
905 1213 1013 1245 perq.;
1030 1213 1062 1235 n.
1082 1204 1127 1243 7.)

726 1255 861 1286 10258.
879 1275 917 1280 —
949 1258 1112 1288 Instrum.
1136 1256 1341 1287 venditionis
1371 1255 1543 1286 fructuum
1574 1256 1718 1287 duarum
1744 1256 1913 1295 petiarum
1946 1258 2115 1288 terrarum
2147 1258 2279 1290 Simoni

679 1312 802 1349 Fusco,
821 1311 886 1342 civi
904 1312 1148 1348 Beneventan.,
1168 1310 1263 1341 factae
1278 1309 1319 1340 ab
1336 1309 1479 1349 Hugone
1495 1308 1570 1340 abb.
1590 1311 1733 1340 monast.
1755 1310 1788 1340 S.
1809 1310 1853 1341 M.
1875 1310 1915 1341 de
1930 1311 2128 1347 Venticano,
2152 1311 2197 1343 di.
2217 1312 2281 1343 Be-

681 1366 872 1401 neventan.‚
891 1373 999 1404 usque
1016 1365 1058 1395 ad
1075 1363 1347 1404 quinquennium
1362 1371 1424 1402 pro
1440 1363 1679 1393 extenuatione
1696 1363 1873 1402 cujusdam
1888 1363 1994 1394 debiti
2009 1364 2119 1401 ipsius
2133 1366 2278 1396 monast.

681 1420 713 1449 et
730 1418 942 1458 reparatione
958 1419 1104 1449 monast.
1129 1426 1156 1448 s.
1176 1416 1332 1448 Massimi
1348 1416 1438 1456 apud
1451 1417 1694 1451 Beneventum,
1711 1417 1994 1456 quorumquidem
2009 1419 2154 1449 monast.
2173 1427 2280 1450 unum

681 1471 722 1503 ab
738 1472 844 1503 altero
861 1471 1038 1511 dependet.
1055 1488 1091 1494 —
1106 1470 1171 1501 Sub
1180 1470 1270 1501 dorso
1285 1470 1483 1511 perqamenis
1499 1469 1629 1510 leqitur:
1647 1470 1741 1501 «Hic
1757 1470 1904 1501 estliber
1919 1479 2145 1511 expensarum
2160 1472 2281 1511 palatae

680 1525 954 1556 molendinorum
971 1525 1073 1556 curiae
1090 1525 1190 1556 Rom.
1209 1523 1431 1555 existentium
1447 1523 1480 1554 in
1495 1523 1696 1560 Turi-mella,
1715 1523 1880 1554 factarum
1896 1532 1956 1563 per
1971 1533 2024 1555 me
2042 1525 2180 1556 Petrum
2196 1525 2282 1556 Lau-

681 1579 783 1610 rentii
807 1579 957 1610 thesaur.
974 1579 1016 1610 R.
1033 1579 1071 1609 E.
1091 1579 1126 1609 in
1143 1578 1236 1608 civit.
1251 1577 1491 1614 Beneventan.,
1511 1577 1699 1616 reparando
1719 1577 1866 1616 palatam
1885 1578 2090 1616 praedictam.
2110 1579 2190 1615 Quae
2209 1579 2281 1618 qui-

681 1633 757 1664 dem
772 1641 930 1672 expensae
946 1632 1041 1663 factae
1058 1632 1195 1663 fuerunt
1208 1631 1242 1661 in
1256 1639 1343 1661 anno
1356 1630 1437 1662 D.ni
1449 1631 1495 1661 M.
1507 1630 1599 1662 CCC.
1610 1630 1722 1667 XVII,
1735 1630 1783 1661 XI
1800 1631 1999 1668 Indictione,
2012 1631 2052 1662 de
2064 1640 2180 1662 mense
2200 1641 2277 1663 τιον.

680 1686 719 1717 In
736 1695 802 1726 quo
818 1686 956 1726 quidem
973 1685 1062 1716 libro
1081 1685 1296 1716 continentur
1310 1684 1413 1715 etiam
1431 1692 1548 1715 omnes
1569 1683 1644 1714 aliae
1660 1692 1818 1723 expensae
1834 1684 1929 1715 factae
1944 1693 2004 1723 pro
2020 1685 2167 1716 utilitate
2184 1686 2224 1716 R.
2241 1686 2281 1716 E.

681 1740 722 1771 de
738 1741 809 1771 toto
835 1741 986 1779 tempore
1013 1739 1081 1770 mei
1100 1739 1154 1770 off.
1174 1737 1446 1769 thesaurariatus
1461 1737 1496 1768 in
1520 1737 1611 1768 dicta
1630 1737 1767 1768 civitate
1789 1737 2029 1773 Beneventan„
2049 1738 2206 1769 videlicet
2221 1747 2282 1778 pro

682 1793 895 1832 reparatione
913 1792 1088 1832 quusdam
1104 1792 1226 1823 domus
1240 1791 1314 1822 sitae
1325 1791 1425 1831 juxta
1442 1792 1592 1822 castrum
1613 1793 1645 1821 et
1660 1791 1872 1830 reparatione
1889 1791 2044 1822 cisternae
2059 1793 2091 1822 et
2106 1800 2282 1822 murorum

682 1846 763 1878 dicti
780 1846 881 1877 castri
906 1847 1132 1877 Beneventan.
1153 1863 1188 1867 —
1209 1844 1432 1875 Examinatus
1450 1853 1509 1884 per
1519 1844 1696 1875 dominum
1713 1844 1937 1875 camerarium
1953 1846 1985 1875 et
2006 1853 2067 1884 per
2084 1845 2199 1875 d.num
2217 1845 2283 1884 (no—
2330 1876 2332 1878 ,

682 1909 749 1930 men
767 1899 908 1929 abrasum
922 1901 991 1938 est.)
1011 1908 1028 1929 »
1042 1898 1142 1939 (Oriq.
1157 1907 1262 1939 per9.;
1276 1906 1309 1928 n.
1326 1899 1370 1935 8.)

729 1950 864 1981 10259.
882 1971 919 1976 —-
935 1953 1084 1984 Joannes
1107 1952 1200 1991 Papa
1226 1951 1326 1982 XXII
1354 1950 1491 1981 mandat
1517 1959 1606 1990 mag.
1629 1951 1814 1982 Guillelmo
1833 1951 1873 1982 de
1892 1951 2038 1988 Balaeto,
2060 1951 2185 1982 archid.
2201 1951 2282 1982 eccl.

684 2007 905 2046 Forojulien.,
924 2015 996 2045 cap.
1018 2014 1091 2041 suo,
1119 2005 1212 2036 civit.
1230 2005 1457 2035 Beneventan.
1479 2004 1614 2041 rectori,
1644 2007 1681 2035 ut
1702 2004 1819 2043 puniat
1846 2013 2008 2035 excessus
2032 2004 2233 2044 clericorum
2251 2005 2284 2035 et

684 2060 828 2091 aliarum
845 2068 935 2099 perS.
953 2059 1142 2090 ecclesiast.
1161 2058 1252 2089 civit.
1266 2059 1298 2088 et
1317 2057 1361 2089 di.
1380 2058 1621 2093 Beneventan.,
1640 2066 1714 2088 cum
1733 2057 1925 2096 archiep.us
1940 2057 2019 2088 illos
2037 2057 2207 2097 relinquat
2223 2058 2284 2088 im-

683 2114 831 2153 punitos.
851 2111 950 2152 (Oriy.
964 2121 1071 2153 per9.;
1088 2120 1120 2143 n.
1141 2113 1176 2147 93
1195 2111 1256 2142 cfr.
1271 2119 1303 2141 n.
1321 2111 1459 2148 10148.)

730 2163 864 2195 10260.
884 2184 922 2188 --
935 2166 1140 2196 Executoria
1156 2165 1325 2204 archiep.o
1349 2166 1493 2205 Aquen.‚
1512 2167 1545 2196 et
1567 2165 1736 2196 Ademaro
1759 2166 1800 2196 de
1816 2166 1952 2201 Crosso,
1973 2174 2010 2196 ac
2033 2165 2132 2196 Petro
2149 2166 2189 2196 de
2204 2165 2285 2196 Cas-

683 2220 773 2251 lucio
788 2228 860 2250 can.
885 2214 1137 2250 Claromonten.
1154 2218 1282 2249 directa
1299 2227 1402 2258 super
1419 2218 1532 2249 collat.
1556 2218 1729 2258 prioratus
1746 2219 1786 2249 de
1809 2218 1968 2255 Cadalvo‚
1988 2219 2026 2250 O.
2044 2219 2077 2250 S.
2095 2219 2146 2257 B„
2169 2218 2282 2250 Claro-

684 2274 831 2304 monten.
860 2273 920 2309 di.‚
937 2273 1024 2303 facta
1042 2272 1143 2303 Petro
1159 2272 1200 2303 de
1216 2272 1292 2303 Via.
1309 2289 1347 2294 —
1364 2271 1429 2302 Sub
1447 2271 1537 2302 dorso
1551 2272 1664 2313 legitur
1679 2281 1685 2301 z
1703 2281 1720 2303 «
1739 2272 1940 2303 Auscultata
1960 2281 2035 2302 cum
2062 2275 2225 2311 regestro.
2243 2271 2281 2303 P.

684 2328 724 2358 de
740 2327 912 2358 Meonaco.
930 2336 945 2356 »
962 2343 1000 2349 —-
1015 2325 1118 2366 (Oriq.
1132 2334 1242 2366 per9.;
1260 2334 1292 2356 n.
1313 2326 1376 2364 10.)

729 2377 864 2408 10261.
883 2397 921 2402 -
936 2379 1151 2410 Raimundus
1163 2378 1332 2416 Subirani,
1350 2379 1391 2410 D.
1408 2379 1463 2417 D.,
1483 2379 1584 2418 Papae
1597 2388 1669 2419 cap.
1690 2381 1721 2410 et
1738 2379 1848 2418 ipsius
1866 2378 1954 2409 sacri
1969 2378 2087 2417 palatii
2104 2387 2283 2408 causarum

684 2433 828 2470 auditor,
850 2433 1069 2464 mandaverat
1094 2432 1240 2464 Ricardo
1259 2432 1300 2463 de
1322 2432 1451 2463 Havesi
1469 2441 1542 2463 can.
1561 2432 1741 2463 Carnoten.
1761 2434 1797 2463 ut
1814 2431 1935 2462 citaret
1951 2440 2038 2470 mag.
2059 2430 2283 2462 Guillelmum

684 2487 725 2518 de
742 2486 898 2523 Billiaco,
915 2485 1110 2521 officialem,
1128 2487 1161 2517 et
1182 2485 1405 2517 Guillelmum
1430 2485 1668 2525 Pelliparium,
1686 2487 1850 2516 rectorem
1876 2484 1956 2515 eccl.
1978 2485 2018 2515 de
2041 2484 2128 2514 Villa
2147 2493 2232 2515 nova
2246 2484 2282 2514 in

684 2540 858 2579 Capraria,
873 2539 1093 2580 sigilliferum
1113 2539 1153 2570 R.
1173 2539 1240 2578 ep.i
1257 2539 1452 2576 Carnoten.,
1466 2540 1504 2570 ut
1521 2539 1611 2569 infra
1627 2547 1711 2569 xx1v
1724 2538 1797 2569 dies
1813 2539 1920 2577 apost.
1938 2537 2132 2576 conspectui
2151 2545 2186 2568 se
2197 2545 2282 2576 prae-

685 2594 868 2630 sentarent,
890 2592 1090 2632 responsuri
1114 2592 1154 2623 de
1178 2592 1315 2632 injuriis
1340 2593 1490 2624 Arnaldo
1509 2593 1541 2624 S.
1559 2592 1605 2623 M.
1622 2592 1655 2622 in
1680 2591 1817 2622 Porticu
1835 2590 1920 2621 diac.
1941 2590 2030 2621 card.
2048 2590 2084 2620 in
2099 2589 2280 2620 archidiac.

685 2655 746 2677 suo
766 2647 945 2678 Carnoten.
966 2646 1084 2676 illatis.
1102 2646 1266 2677 Praet'atus
1283 2647 1396 2677 autem
1413 2646 1580 2677 Ricardus
1594 2645 1673 2675 illos
1692 2645 1816 2675 citasse
1830 2643 1944 2680 refert,
1961 2643 2018 2682 qui
2036 2643 2282 2682 responderunt

684 2700 884 2730 intentionis
898 2708 1015 2730 eorum
1031 2708 1097 2730 non
1117 2707 1192 2730 esse
1208 2699 1273 2730 eid.
1290 2700 1379 2730 card.
1400 2699 1434 2730 in
1450 2699 1517 2730 alio
1532 2696 1786 2738 quomodolibet
1802 2696 1979 2735 impedire,
1995 2697 2028 2726 et
2043 2695 2072 2726 si
2090 2695 2180 2726 viam
2192 2695 2282 2734 ,iuris

685 2753 876 2784 communis
899 2753 933 2783 in
961 2753 1074 2792 aliquo
1101 2752 1329 2787 oberrassem,
1358 2753 1495 2792 paratos
1522 2760 1598 2783 esse
1625 2750 1893 2781 satisfactionem
1911 2749 2117 2788 impendere.
2135 2750 2219 2779 Acta
2246 2749 2281 2779 in

684 2807 832 2846 hospitio
850 2806 1001 2837 eorumd.
1017 2806 1174 2837 officialis
1186 2807 1217 2837 et
1233 2806 1405 2846 sigilliferi
1422 2814 1481 2845 per
1495 2804 1676 2835 Girardum
1693 2803 1734 2834 de
1753 2803 1910 2837 Charina‚
1927 2802 2006 2833 cler.
2024 2801 2201 2832 Carnoten.
2220 2801 2281 2838 di„

684 2859 858 2900 publicum
876 2861 963 2891 auct.
983 2862 1091 2898 apost.
1111 2861 1180 2890 not.
1199 2877 1238 2882 —
1262 2859 1327 2890 Sub
1352 2858 1441 2889 dorso
1467 2858 1601 2898 leqitur:
1620 2866 1637 2887 «
1656 2856 1836 2887 Citationis
1855 2855 1975 2886 relatio
1995 2856 2028 2886 et
2043 2855 2113 2885 d.ni
2128 2854 2194 2885 mei
2212 2863 2281 2885 res-

684 2913 804 2953 ponsio
822 2922 851 2943 ».
863 2932 901 2936 —
917 2913 1017 2953 (Oriq.
1035 2922 1142 2954 per9.;
1161 2922 1195 2944 n.
1211 2914 1278 2953 11.)

731 2963 865 2995 10262.
885 2984 922 2989 —-
944 2967 1130 3006 Regestum
1155 2975 1376 3006 processuum
1408 2965 1573 2996 factorum
1598 2971 1658 3002 per
1682 2962 1887 2994 Rainaldum
1901 2961 1941 2992 de
1966 2970 1994 2991 S.
2011 2961 2197 2996 Arthemia,
2214 2960 2282 2992 the-

686 3028 775 3052 saur.
794 3020 1008 3056 Noviomen.‚
1023 3019 1166 3051 ducatus
1183 3020 1354 3059 Spoletan.
1374 3019 1536 3049 rectorem
1553 3026 1612 3056 per
1628 3016 1661 3047 S.
1674 3016 1714 3047 R.
1727 3016 1764 3046 E.
1778 3014 1969 3055 generalem
1988 3022 2090 3053 super
2104 3013 2282 3053 exigendis
