2592 3562
367 301 428 335 106

393 393 496 422 Datum
529 389 712 423 Avem'one.

377 657 398 686 8
414 661 482 694 (vni
496 657 549 690 id.)
558 657 617 692 jul.
634 657 722 686 1349.

497 702 528 732 Τ.
546 702 601 731 XL.
635 745 639 749 .

509 817 546 845 Ut
566 825 589 845 e.

488 862 519 890 T.
537 861 608 889 XVI.

507 1136 543 1164 Ut
564 1144 587 1164 s.

378 1243 398 1271 9
416 1243 471 1280 (vu
489 1243 610 1279 id.)jul.
625 1239 714 1272 1389.

492 1288 522 1315 T.
544 1288 602 1315 XX.

506 1564 543 1592 Ut
560 1573 583 1592 s.

419 1609 451 1637 T.
465 1609 563 1643 XXIV,
578 1609 675 1638 XXIV.

505 1725 542 1753 Ut
560 1734 584 1753 s.

505 1939 542 1967 Ut
560 1948 584 1968 s.

448 1984 478 2011 T.
499 1985 546 2018 XI,
566 1984 638 2012 XIII.

502 2260 539 2288 Ut
559 2269 584 2288 s.

504 2634 540 2662 Ut
553 2643 578 2662 s.

479 2679 510 2706 T.
532 2679 603 2708 XVI.

498 2794 534 2822 Ut
549 2803 573 2822 s.

473 2839 504 2866 T.
521 2839 602 2867 XXX.

498 2901 534 2929 Ut
549 2910 573 2929 s.

454 2946 486 2974 T.
502 2945 616 2975 VII¹¹¹V.

2191 0 2342 21 :ww-⁷1:42?-
2355 0 2421 22 ⁴}-
2437 6 2443 17 τ,

768 301 942 334 JOANNIS
965 302 1085 334 PAPAE
1106 303 1207 335 XXII.
1231 305 1480 343 (1816-1384).
1502 324 1541 330 —
1564 305 1750 336 LITTERAE
1772 304 1998 337 COMMUNES

794 497 902 536 apost.
921 496 1044 528 collata
1064 506 1150 534 vac„
1173 496 1357 538 Raymundo
1375 497 1410 528 de
1425 497 1570 529 Abbatia.
1594 515 1633 521 —
1653 498 1679 530 1.
1701 507 1731 530 e.
1755 507 1801 530 m.
1820 499 1997 531 Caturcen.
2019 500 2052 531 et
2069 499 2248 532 Sicaloniae
2271 498 2398 532 Bituri-

793 558 866 581 een.
897 549 1070 584 archidis,
1100 558 1137 580 ac
1162 550 1309 581 Geraldo
1335 551 1485 591 Rogerii‚
1515 559 1588 582 can.
1617 551 1787 584 pictaven.
1816 552 1897 584 eccl.
1925 552 1979 593 (A.
2004 553 2054 591 12,
2081 553 2104 584 f.
2130 554 2190 585 245
2213 557 2227 575 ⁸
2242 562 2251 591 ;
2284 551 2320 584 V.
2343 553 2397 591 69,

794 611 846 642 ep.
872 603 978 642 1389.)

838 652 950 684 9717.
970 673 1008 678 -
1031 654 1231 692 Rem-andus,
1251 660 1286 686 tt.
1304 665 1328 687 s.
1346 654 1488 687 Marcelli
1502 655 1618 696 presb„
1635 661 1663 687 et
1679 656 1881 695 Bertrandue,
1895 658 1932 690 S.
1950 658 1995 690 M.
2011 659 2044 690 in
2057 659 2180 700 Aquiro
2193 658 2276 690 diac.
2294 657 2396 697 card„

794 718 830 739 ac
841 718 944 750 praep.
959 707 1032 738 eccl.
1046 708 1227 739 Nemausen.
1245 708 1368 740 dantur
1383 710 1421 740 ut
1433 709 1567 749 judices
1582 711 1840 742 conservatores
1854 719 1931 751 ep.o
1948 713 1981 744 et
1995 712 2097 752 capit.
2116 712 2396 752 carpentoraten.

793 761 847 802 (A.
869 763 917 798 12,
934 761 966 791 ff.
983 762 1040 793 251
1059 766 1072 782 ⁸
1089 762 1121 792 et
1135 763 1196 793 489
1208 766 1237 799 ⁸5
1260 761 1293 792 V.
1313 763 1364 798 69,
1381 770 1434 802 ep.
1453 762 1559 801 1445.)

837 811 949 843 9718.
969 832 1008 837 -
1028 814 1113 854 Ep.o
1135 815 1283 845 Aversan.
1310 816 1424 846 mand.
1449 817 1485 847 ut
1506 816 1654 856 Rogerio
1671 816 1712 848 de
1728 817 1886 849 Rossano
1903 817 1990 855 mil„
2007 818 2219 851 cambellano
2235 819 2270 850 et
2286 817 2396 851 famil.

793 867 934 899 Roberti
969 868 1061 907 regis
1089 867 1226 905 Siciliae,
1263 867 1364 900 facul.
1399 869 1560 900 concedat
1593 869 1758 901 fundandi
1788 871 1971 911 quamdam
2006 871 2172 912 capellam
2204 872 2241 903 in
2269 871 2397 904 honore

792 921 830 952 B.
855 921 900 951 M.
929 921 970 952 V.
990 921 1088 960 juxta
1109 921 1229 952 domos
1251 930 1343 959 suas,
1367 922 1452 954 sitas
1473 922 1508 953 in
1531 922 1696 955 suburbio
1714 923 1895 962 Aversan.‚
1914 924 1951 956 in
1970 923 2044 956 loco
2063 924 2122 956 ubi
2140 924 2265 957 dicitur
2280 924 2397 957 Porta.-

793 982 890 1012 nova,
910 974 1006 1014 prius
1024 974 1101 1005 dote
1119 974 1301 1006 sufficienti
1321 975 1387 1006 eid.
1408 975 1547 1016 capellae
1567 985 1628 1016 pro
1649 976 1851 1017 presbytero
1871 978 1905 1009 et
1922 977 2047 1010 clerico
2063 978 2123 1018 qui
2144 977 2177 1010 ei
2201 978 2396 1011 deservient

793 1027 977 1067 assignata,
993 1027 1066 1067 jure
1080 1029 1280 1067 patronatus
1295 1028 1407 1060 sibiet
1423 1029 1680 1060 successorihus
1692 1029 1766 1061 suis
1781 1031 1967 1062 reservato.
1985 1030 2039 1070 (A.
2056 1031 2106 1069 12,
2123 1030 2147 1062 f.
2162 1033 2222 1063 191
2236 1035 2251 1053 ⁸
2258 1040 2270 1068 3
2289 1030 2327 1064 V.
2341 1032 2395 1071 69,

792 1089 844 1120 ep.
866 1082 971 1118 1511.)

836 1131 948 1163 9719.
968 1152 1006 1157 -
1022 1134 1109 1175 Epo
1129 1134 1271 1166 Catinen.
1290 1135 1390 1167 facul.
1409 1136 1615 1167 concedendi
1631 1136 1875 1168 tabellionatus
1891 1137 1946 1169 off.
1972 1137 2033 1169 uni
2052 1130 2142 1178 pers.
2164 1146 2268 1179 quam
2287 1138 2398 1179 Roge-

792 1188 865 1219 rius
876 1187 916 1219 de
928 1189 1096 1224 Rossano,
1111 1188 1212 1220 miles
1225 1190 1257 1220 et
1273 1189 1381 1220 famil.
1394 1188 1536 1221 Roberti
1547 1189 1672 1224 Siciliae
1684 1190 1786 1230 regis,
1798 1191 2037 1223 nominaverit.
2049 1190 2102 1232 (V.
2113 1193 2166 1228 69,
2179 1199 2232 1232 ep.
2245 1190 2397 1232 154511.)

786 1274 789 1277 ¹
836 1238 947 1270 9720.
969 1259 1006 1263 —
1021 1258 1061 1264 —-
1076 1241 1164 1282 Ep.o
1181 1241 1333 1280 Casti-en„
1353 1247 1383 1272 et
1401 1241 1470 1272 abb.
1488 1247 1615 1274 monast.
1634 1242 1670 1273 de
1693 1243 1869 1279 Ardorello,
1894 1253 1930 1275 ac
1953 1243 2070 1276 decano
2089 1243 2161 1277 eccl.
2185 1243 2222 1275 de
2235 1243 2394 1283 Bur-latio,

792 1294 931 1326 Castren.
954 1294 1010 1332 di.,
1036 1295 1148 1326 mand.
1167 1297 1204 1327 ut
1219 1296 1426 1336 compellant
1442 1296 1642 1328 collectores
1660 1296 1869 1328 decimarum
1885 1297 1956 1338 regi
1971 1297 2125 1329 Franoiae
2139 1299 2172 1330 et
2186 1297 2223 1329 in
2239 1297 2395 1342 subsidio

791 1348 904 1379 Terrae
924 1348 1055 1380 Sanctae
1072 1357 1311 1380 concessarum
1337 1349 1427 1388 quod
1450 1349 1491 1380 ab
1509 1349 1680 1389 archiep.o
1698 1349 1859 1381 Tolosan.
1878 1352 1911 1382 et
1933 1350 2007 1391 ejus
2022 1351 2246 1391 suffraganeis
2263 1350 2396 1384 nullam

791 1401 958 1432 decimam
977 1402 1092 1441 petant
1107 1410 1168 1442 pro
1186 1401 1378 1433 redditibus
1395 1403 1428 1434 et
1449 1402 1685 1442 proventibus,
1702 1403 1744 1434 ad
1762 1412 1881 1435 eorum
1901 1412 2056 1436 mensam
2071 1405 2192 1445 spect„
2207 1413 2295 1445 quos
2309 1413 2398 1446 prae-

791 1455 988 1486 decessores
1011 1455 1065 1486 sui
1083 1456 1259 1487 nonnullis
1275 1456 1389 1487 saecul.
1408 1455 1488 1487 cler.
1509 1458 1760 1494 concesserunt,
1778 1457 1875 1497 eujus
1892 1457 2030 1498 quidem
2044 1458 2276 1490 concessionis
2291 1466 2396 1491 cauea

790 1509 849 1540 iid.
866 1509 945 1540 cler.
965 1508 1006 1540 de
1021 1509 1094 1540 illis
1109 1509 1275 1541 decimam
1291 1509 1532 1541 collectoribus
1547 1510 1695 1542 solvunt.
1709 1510 1764 1551 (A.
1782 1513 1831 1547 11,
1850 1510 1874 1543 f.
1891 1512 1952 1543 478
1966 1517 1980 1533 ⁸
1989 1521 1999 1548 ς
2019 1510 2053 1542 V.
2070 1513 2123 1548 69,
2137 1519 2189 1552 ep.
2206 1513 2293 1552 545.)

835 1559 947 1591 9721.
970 1580 1009 1585 —
1030 1562 1217 1603 Βοεταρηαε,
1234 1571 1337 1603 praep.
1357 1563 1437 1595 eccl.
1457 1563 1674 1601 Avinionen.‚
1692 1564 1878 1604 praeficitur
1896 1564 1933 1596 in
1949 1573 2064 1605 ep.um
2079 1565 2160 1597 eccl.
2176 1565 2394 1604 Aurasieen.‚

790 1625 850 1656 per
873 1616 954 1647 obit.
977 1616 1153 1648 Guillelmi
1177 1625 1221 1647 ex
1242 1617 1383 1657 speciali
1401 1618 1565 1649 reservat.
1582 1626 1635 1657 ap.
1655 1618 1690 1650 S.
1707 1618 1749 1649 A.
1769 1626 1841 1649 vac.
1858 1635 1898 1641 ——
1912 1618 1940 1650 1.
1956 1627 1986 1650 e.
2006 1627 2053 1650 m.
2071 1618 2174 1659 capit.
2191 1618 2394 1652 Aurasicen.

789 1670 842 1710 (A.
860 1672 909 1707 77,
925 1670 947 1701 f.
966 1671 1026 1702 530
1040 1675 1073 1707 ³;
1095 1670 1131 1701 V.
1148 1671 1199 1708 69,
1217 1678 1269 1710 ep.
1285 1670 1371 1710 816.)

835 1720 945 1753 9722.
964 1740 1001 1745 -
1014 1723 1102 1764 Ep.o
1117 1734 1141 1754 s.
1156 1722 1264 1754 Pontii
1280 1723 1508 1755 Tkomeriarum
1525 1732 1618 1756 conc.
1636 1723 1737 1756 facul.
1755 1724 1976 1765 dispensandi
1991 1733 2094 1766 super
2107 1725 2361 1766 irregularitate
2373 1734 2396 1759 a

789 1777 977 1809 Bertrando
993 1777 1142 1815 Fredoli,
1162 1786 1231 1808 suae
1247 1777 1329 1809 eccl.
1347 1778 1386 1810 O.
1404 1778 1438 1810 S.
1452 1779 1492 1809 B.
1510 1786 1616 1817 mon„
1631 1779 1803 1810 contracta
1820 1787 1863 1810 ex
1879 1787 1918 1810 eo
1934 1779 2025 1819 quod
2037 1787 2128 1810 unua
2141 1779 2183 1811 de
2201 1779 2303 1812 sociis
2319 1779 2396 1812 suis

790 1831 972 1871 quemdam
990 1831 1156 1862 scolarem
1179 1831 1238 1870 qui
1257 1840 1326 1862 una
1352 1840 1429 1863 oum
1452 1831 1531 1862 aliis
1551 1831 1776 1872 complicibus
1797 1831 1863 1864 eid.
1884 1840 1975 1864 mon.
1994 1832 2139 1873 injurias
2159 1832 2346 1865 intulerant
2360 1834 2395 1866 et

790 1886 921 1915 armata
939 1893 1041 1915 manu
1056 1884 1260 1922 inferebant,
1278 1884 1460 1916 interfecit.
1477 1884 1532 1925 (V.
1547 1887 1599 1924 69,
1617 1893 1670 1925 ep.
1685 1886 1771 1924 867.)

834 1935 945 1966 9723.
962 1956 1000 1961 —
1015 1938 1136 1970 Collat.
1153 1947 1271 1970 canon.
1289 1938 1353 1969 sub
1368 1947 1464 1978 exsp.
1478 1938 1596 1979 praeb.,
1611 1938 1717 1978 dign„
1732 1939 1787 1970 vel
1800 1940 2004 1979 personatus
2020 1947 2082 1971 seu
2096 1939 2151 1971 off.
2168 1948 2198 1971 c.
2209 1948 2238 1972 c.
2253 1939 2308 1972 vel
2320 1948 2349 1972 s.
2362 1949 2392 1973 0.

789 1992 870 2022 eccl.
894 1992 1075 2029 Biterren.‚
1090 1991 1206 2023 Joanni
1221 1991 1258 2022 de
1271 2002 1295 2023 s.
1316 1990 1492 2029 Guillelmo,
1507 1992 1655 2023 auditori
1672 1993 1706 2024 et
1719 2001 1791 2032 cap.
1809 1992 2007 2033 Berengarii
2021 1993 2091 2033 ep.i
2105 1993 2305 2030 Tusculan„
2318 2001 2392 2026 can.

789 2045 870 2076 eccl.
893 2045 1060 2082 Anicien.,
1088 2046 1147 2085 qui
1165 2046 1245 2077 eccl.
1272 2054 1300 2076 s.
1323 2045 1499 2078 Saturnini
1516 2046 1558 2077 de
1575 2045 1760 2078 Vilarzello
1778 2055 1806 2077 c.
1832 2055 1860 2077 0.
1879 2047 1913 2078 et
1927 2045 2008 2078 eccl.
2026 2055 2055 2078 s.
2071 2045 2234 2087 Stephani
2249 2047 2290 2079 de
2306 2047 2395 2080 Fon·

788 2099 906 2130 tonnio
923 2099 988 2130 eid.
1006 2107 1186 2136 annexam,
1202 2098 1397 2130 Nax-honen.
1418 2099 1477 2136 di.,
1490 2099 1617 2131 dimitt.
1635 2095 1782 2131 tenetur.
1801 2099 1893 2131 -In
1914 2107 1944 2131 e.
1966 2108 2013 2131 m.
2032 2099 2153 2132 Elnen.
2170 2101 2204 2132 et
2223 2099 2392 2134 conchen.

788 2152 936 2184 Ruthen.
966 2153 1140 2190 archidis,
1170 2162 1208 2184 ac
1232 2153 1333 2184 Petro
1358 2152 1536 2190 Bernardi‚
1564 2161 1637 2184 ean.
1667 2153 1823 2184 Anicien.
1853 2153 1934 2185 eccl.
1962 2153 2017 2193 (A.
2038 2155 2088 2191 12,
2111 2153 2134 2185 t'.
2160 2155 2198 2186 13
2215 2158 2246 2192 ⁸5
2277 2153 2315 2187 V.
2338 2155 2392 2194 69,

789 2215 842 2245 ep.
862 2206 949 2246 871.)

833 2256 944 2288 9724.
964 2278 1002 2283 -
1020 2259 1208 2300 Berenqario
1234 2269 1304 2301 ep.o
1332 2259 1495 2290 Tusculan.
1519 2261 1713 2292 reservatur
1728 2259 1954 2292 conferendus
1970 2259 2039 2292 sibi
2057 2260 2231 2301 prioratus
2247 2261 2288 2293 de
2303 2261 2394 2303 Vey·

787 2322 885 2350 runa,
913 2314 951 2345 O.
971 2313 1005 2346 S.
1029 2314 1083 2351 A„
1109 2313 1321 2353 Magalonen.
1348 2313 1408 2351 di.,
1428 2322 1456 2344 0.
1484 2322 1527 2351 0.,
1548 2322 1608 2353 per
1630 2322 1703 2345 can.
1729 2313 1943 2353 Magalonen.
1968 2313 2047 2354 gub.
2070 2310 2206 2350 solitus,
2232 2322 2310 2346 eum
2331 2322 2414 2356 pet,

787 2367 1037 2398 assecutionem
1052 2367 1224 2406 prioratus
1241 2376 1268 2398 s.
1284 2367 1430 2398 Firmini
1444 2367 1485 2398 de
1499 2366 1812 2407 Montepessulano,
1828 2366 1937 2407 eJusd.
1955 2367 2040 2405 ord..
2056 2367 2154 2399 dictae
2162 2367 2223 2404 di.,
2238 2366 2394 2400 consueti

787 2420 948 2451 similiter
962 2429 1023 2460 per
1039 2429 1110 2451 can.
1132 2420 1343 2460 Magalonen.
1361 2420 1454 2461 gub„
1475 2429 1504 2452 c.
1524 2429 1553 2452 c.
1578 2421 1702 2452 Joanni
1724 2421 1765 2452 de
1789 2420 2013 2459 Montelauro‚
2033 2420 2132 2452 dietae
2154 2420 2236 2452 eccl.
2261 2429 2349 2457 can„
2371 2429 2394 2454 a

786 2474 855 2504 ΡΡ.
874 2473 1000 2511 collati,
1021 2475 1191 2505 vacaverit
1198 2484 1208 2511 ;
1229 2474 1385 2514 sequitur
1409 2474 1561 2514 dispens.
1585 2482 1688 2514 super
1701 2473 1826 2514 plural.
1842 2473 1954 2506 benef.
1972 2483 2047 2514 quae
2062 2482 2130 2505 non
2150 2475 2394 2507 enumerantur

785 2526 820 2558 in
842 2526 1069 2567 praesentibus
1092 2527 1157 2558 litt.
1178 2544 1217 2550 —
1233 2528 1259 2558 I.
1285 2536 1314 2559 e.
1338 2536 1384 2559 m.
1403 2527 1509 2567 priori
1525 2527 1566 2558 de
1583 2526 1882 2565 Montearbedone,
1899 2527 2111 2568 Magalonen.
2131 2527 2192 2564 di.,
2209 2528 2243 2559 et
2260 2527 2389 2560 archid.

784 2580 952 2612 Conchen.
980 2580 1186 2616 Ruthenen„
1208 2590 1246 2612 ac
1265 2581 1387 2612 Joanni
1403 2581 1444 2612 de
1460 2590 1488 2612 s.
1509 2575 1708 2617 Guillelmo‚
1723 2589 1797 2612 can.
1813 2580 1969 2613 Anicien.
1987 2580 2068 2612 eccl.
2087 2580 2143 2621 (V.
2158 2582 2211 2618 69,
2231 2589 2283 2621 ep.
2299 2582 2390 2621 872.)
2437 2625 2447 2628 -

828 2631 940 2663 9725.
963 2650 1002 2655 -
1019 2633 1151 2674 Indulg.
1176 2643 1216 2664 xi.
1235 2634 1368 2665 dierum
1390 2634 1431 2665 ad
1447 2634 1649 2665 decennium
1665 2633 1737 2665 illis
1759 2633 1818 2674 qui
1836 2642 1958 2665 manus
1970 2634 2189 2675 porrexerint
2203 2633 2391 2674 adjutrices

784 2688 880 2727 operi
891 2687 1073 2727 hospitalis
1086 2689 1119 2718 et
1133 2688 1258 2727 pontus
1272 2696 1299 2718 s.
1313 2687 1463 2727 Spiritus
1477 2688 1518 2719 de
1531 2696 1559 2718 s.
1569 2687 1729 2719 Saturnio
1741 2687 1782 2718 de
1794 2687 1900 2719 Portu
1910 2695 2015 2727 supra
2026 2687 2240 2719 Rhodanum.
2255 2687 2390 2720 Utieen.

783 2741 842 2778 di.,
855 2734 988 2781 ja'mdiu
1006 2740 1173 2772 inchoato.
1191 2741 1246 2782 (A.
1265 2742 1315 2778 12,
1336 2741 1359 2773 f.
1378 2737 1436 2773 129
1449 2746 1480 2779 ι;
1501 2741 1538 2773 V.
1554 2743 1606 2779 69,
1624 2749 1676 2781 ep.
1697 2740 1802 2781 1026.)
2287 2773 2290 2776 ,

829 2794 840 2805 ”
860 2791 971 2824 9726.
996 2811 1035 2817 -
1053 2794 1262 2826 Taxationes
1280 2794 1501 2825 ecclesiarum
1518 2794 1601 2825 olim
1625 2794 1671 2825 di.
1693 2794 1868 2830 Tolosan„
1895 2803 1988 2826 nunc
2009 2794 2045 2826 in
2067 2793 2280 2826 cathedrales
2303 2794 2391 2826 etin

782 2848 902 2889 colleg.
924 2848 1124 2880 erectarum.
1146 2847 1197 2886 (A.
1220 2849 1269 2885 12,
1291 2847 1314 2878 f.
1332 2848 1392 2879 288
1410 2853 1441 2885 ·;
1464 2847 1500 2879 V.
1518 2849 1570 2886 69,
1589 2856 1643 2888 ep.
1662 2849 1768 2887 1413.)

828 2899 941 2931 9727.
960 2920 1000 2926 -
1015 2900 1195 2933 Guillelmus
1211 2900 1336 2932 archid.
1354 2900 1614 2942 Rothomagen.‚
1630 2901 1801 2939 sacerdos,
1815 2901 2000 2942 praeficitur
2014 2901 2052 2933 in
2064 2909 2179 2941 ep.um
2194 2901 2276 2932 eccl.
2287 2900 2391 2932 Viva·

783 2955 882 2993 rien„
901 2964 962 2996 per
977 2955 1235 3003 translationem
1249 2954 1412 2986 Ludovici
1429 2955 1471 2986 ad
1485 2954 1670 2995 episcopat.
1684 2948 1888 2995 Lingonen.,
1904 2963 1945 2995 ap
1958 2954 1992 2987 S.
2006 2954 2047 2986 A.
2061 2953 2232 2986 mediante
2246 2952 2389 2994 speciali
