2592 3562
311 374 416 402 nutum
433 367 618 401 Avenione.

420 436 510 443 ...—

293 579 312 607 8
328 581 373 614 (w
389 578 444 614 id.)
460 586 526 612 auq-
543 576 632 604 1318.

423 684 460 712 Ut
479 692 504 712 s.

418 790 455 819 Ut
478 799 503 819 e.

417 1003 454 1032 Ut
478 1012 502 1032 s.

423 1216 459 1244 Ut
474 1224 497 1244 s.

418 1536 454 1564 Ut
470 1545 494 1563 s.

418 1695 455 1723 Ut
471 1703 495 1722 s.

417 2014 455 2041 Ut
470 2022 494 2042 s.

416 2121 454 2149 Ut
469 2129 501 2155 s.,
558 2163 560 2165 ‚

413 2224 450 2252 Ut
470 2233 494 2252 s.

411 2331 448 2359 Ut
463 2340 487 2359 s.

414 2490 450 2518 Ut
466 2499 490 2519 s.

417 2756 453 2784 Ut
468 2764 493 2786 s.

688 278 862 310 JOANNIS
885 277 1004 309 PAPAE
1025 277 1128 307 XXII.
1152 277 1401 316 (1316-1334).
1425 294 1463 298 -
1485 275 1671 306 LITTERAE
1695 277 1746 307 DE
1768 277 1893 308 CURIA
2242 283 2301 313 269

701 467 897 508 hujusmodi
913 466 1077 506 regimine
1100 465 1237 505 Hugoni
1255 465 1295 496 de
1312 465 1492 504 Layssaco‚
1514 464 1601 495 laico
1617 464 1794 496 Caturcen.
1814 466 1873 503 di„
1898 466 1995 503 facta,
2012 476 2055 498 ex
2072 469 2173 500 certis
2188 470 2301 501 causis

701 521 866 561 legitimis
885 521 1049 551 revocata.
1072 521 1125 557 (A.
1146 520 1195 556 10,
1216 518 1239 550 f.
1258 520 1318 549 477
1335 523 1363 554 ⁸3
1386 517 1421 548 V.
1440 519 1491 555 67,
1509 526 1561 557 ep.
1583 519 1642 549 159
1657 517 1693 548 de
1708 518 1789 557 cur.)

747 570 856 602 8323.
875 589 913 595 --
930 572 1100 613 Archiepm
1118 577 1147 602 et
1167 570 1246 602 clero
1267 571 1472 602 Beneventan.
1493 570 1606 601 mand.
1622 572 1659 601 ut
1676 571 1837 610 praedicto
1855 572 1977 603 rectori
1993 572 2161 605 obediant.
2182 576 2232 612 (A.
2251 577 2299 613 10,

702 628 798 659 f.4·1·1
816 626 845 664 ὓς
871 625 903 657 V.
917 628 968 661 67,
986 634 1038 666 ep.
1058 627 1117 657 160
1131 625 1167 655 de
1180 623 1262 664 cur.)
1426 670 1428 673 .

746 676 856 709 8324.
875 697 912 701 —
926 679 952 710 I.
970 687 998 710 e.
1015 687 1061 710 m.
1078 677 1196 718 populo
1215 682 1243 708 ec
1259 676 1455 707 universitati
1471 676 1677 707 Beneventan.
1696 677 1735 708 E.
1754 677 1796 709 R.
1816 676 1989 717 subjectis.
2010 678 2061 718 (A.
2085 680 2134 717 10,
2156 680 2178 710 f.
2195 683 2253 711 477
2272 681 2299 719 ι);

705 733 742 764 V.
758 735 810 770 67,
826 741 878 772 ep.
900 733 954 763 161
972 731 1010 762 de
1027 731 1108 771 cur.)

745 783 857 815 8325.
876 803 914 809 -—
931 784 1093 816 Guillelmo
1110 784 1147 815 de
1166 784 1295 815 Balaeco
1317 789 1346 814 et
1366 783 1480 814 Joanm'
1499 783 1625 824 Roqerii
1642 784 1755 815 mand.
1774 785 1811 815 ut
1825 784 1961 823 exigant
1978 784 2127 816 decimas
2145 794 2204 825 pro
2221 787 2301 818 eccl.

699 839 800 870 Rom.
818 837 1081 870 necessitatibus
1103 837 1271 868 Clementi
1296 837 1362 868 ΡΡ.
1381 837 1412 868 V
1436 836 1626 876 promissas
1644 838 1676 868 et
1694 845 1760 867 non
1780 836 1909 868 solutas
1929 845 1989 876 per
2008 846 2122 877 ep.um
2145 840 2177 869 et
2201 839 2300 879 capit.

700 892 886 928 Minoren.;
902 900 998 931 quos,
1016 891 1046 921 si
1064 890 1265 931 expedierit,
1289 889 1393 921 citent
1414 891 1451 921 ut
1471 889 1561 920 infra
1582 891 1653 921 tres
1669 898 1805 921 menses
1823 892 1931 929 apost.
1950 891 2145 931 conspectui
2168 901 2204 923 se
2221 901 2303 932 prae-

701 947 845 976 sentent.
865 945 917 984 (A.
937 946 985 980 10,
1004 944 1027 975 f.
1043 945 1103 976 498
1119 943 1150 981 ¹³;
1175 943 1211 974 V.
1229 945 1279 979 67,
1299 952 1351 983 ep.
1370 945 1428 975 166
1442 942 1478 973 de
1495 943 1576 982 cur.)

745 995 855 1027 8326.
878 1016 916 1020 -
933 997 1024 1028 Eisd.
1044 997 1156 1028 mand.
1177 997 1215 1027 ut
1233 997 1350 1036 petant
1367 997 1400 1027 et
1423 996 1562 1036 exigant
1582 996 1698 1027 decem
1722 995 1843 1028 uncias
1858 996 1999 1036 fargenti
2019 997 2059 1028 de
2077 998 2222 1037 pecunia
2247 999 2303 1030 de-

700 1051 796 1082 cimae
812 1051 846 1081 in
862 1059 965 1091 regno
982 1050 1106 1083 Siciliae
1124 1049 1272 1081 collectae
1291 1058 1352 1089 per
1367 1057 1455 1089 mag.
1476 1049 1699 1081 Guillelmum
1719 1049 1759 1080 de
1776 1049 1969 1089 Sangineto,
1987 1059 2059 1081 can.
2076 1050 2212 1089 Nolan„
2233 1052 2301 1083 ΡΡ.

700 1104 914 1144 scriptorem,
942 1113 961 1135 a
980 1103 1151 1144 quondam
1175 1111 1262 1142 mag.
1281 1103 1453 1134 Bernardo
1474 1103 1588 1142 Regis,
1610 1102 1717 1142 ejusd.
1740 1102 1878 1134 decimae
1897 1103 2088 1140 collectore,
2114 1106 2232 1136 mutuo
2250 1114 2303 1137 re-

701 1159 816 1197 ceptas
834 1158 867 1188 et
880 1165 1022 1188 camerae
1038 1157 1146 1196 apost.
1165 1155 1307 1187 debitas.
1327 1156 1381 1196 (A.
1398 1149 1447 1193 10,
1469 1155 1492 1186 f.
1507 1156 1568 1187 499
1583 1161 1611 1193 ³3
1638 1155 1670 1186 V.
1685 1157 1735 1193 67,
1756 1164 1808 1195 ep.
1829 1158 1887 1187 167
1903 1155 1940 1186 de
1953 1157 2032 1195 cur.)

745 1207 856 1239 8327.
882 1227 917 1233 -
942 1210 1026 1251 May.
1047 1208 1207 1240 Guillelmo
1230 1209 1266 1239 de
1290 1208 1420 1240 Balaeto
1445 1209 1669 1240 committitur
1694 1209 1838 1240 rectoria
1856 1210 2026 1249 generalis
2052 1210 2243 1250 Campaniae
2269 1201 2302 1244 et

699 1264 891 1301 Maritimae,
918 1265 951 1295 et
979 1263 1139 1302 specialis
1163 1262 1386 1294 comitatuum
1411 1262 1548 1302 Signiae,
1567 1264 1599 1293 et
1617 1262 1783 1302 Nimphae‚
1808 1271 1936 1294 necnon
1961 1263 2174 1301 Fummoffls,
2199 1266 2302 1296 castri

699 1317 861 1355 Palliani,
883 1317 1051 1354 Serrouis,
1075 1316 1338 1356 Aquaeputrfflae,
1357 1315 1535 1355 Ceperani,
1556 1315 1707 1352 Lariani,
1725 1315 1842 1353 Riciae‚
1859 1315 1968 1347 Vallis
1986 1317 2162 1357 Raynerii,
2182 1320 2213 1349 et
2232 1327 2302 1350 mo-

699 1370 913 1402 lendinorum
930 1370 1011 1401 eccl.
1026 1378 1160 1410 quoque
1174 1378 1202 1401 s.
1222 1369 1433 1409 Patrigniani
1451 1369 1491 1400 de
1509 1369 1682 1408 Ceperano
1697 1370 1730 1400 et
1748 1369 1788 1399 de
1806 1378 1833 1399 s.
1851 1369 2050 1410 Hippolyto,
2069 1379 2106 1402 ac
2123 1371 2302 1403 domorum

699 1425 732 1455 et
751 1424 895 1455 aliorum
912 1423 1078 1454 bonorum
1096 1423 1176 1454 eccl.
1194 1422 1348 1462 ipsarum
1367 1422 1409 1453 ad
1432 1422 1620 1453 dominium
1638 1422 1679 1453 R.
1699 1423 1737 1453 E.
1758 1423 1995 1462 spectantium.
2016 1424 2067 1462 (A.
2086 1425 2134 1461 10,
2152 1424 2173 1455 f.
2191 1427 2250 1456 499
2266 1431 2299 1461 ³3

663 1470 667 1475 ⁶
703 1477 739 1508 V.
755 1479 807 1512 67,
825 1485 877 1516 ep.
897 1477 955 1508 168
974 1476 1010 1507 de
1027 1477 1104 1515 cur.)

742 1529 754 1540 ³
780 1527 888 1558 8328.
911 1548 949 1552 -
966 1530 1182 1561 Annotantur
1195 1537 1317 1560 census
1335 1531 1367 1560 et
1383 1528 1522 1559 nomIna
1538 1537 1760 1568 personarum
1777 1530 1809 1560 et
1826 1529 1990 1567 locorum,
2005 1538 2024 1560 a
2038 1530 2163 1569 quibus
2178 1531 2300 1562 deben-

697 1584 763 1621 tur,
784 1584 819 1614 in
841 1583 1033 1622 Campaniae
1054 1582 1300 1622 Maritimaeque
1315 1582 1513 1622 provinciis,
1534 1582 1568 1612 in
1588 1581 1713 1621 quibus
1729 1582 1883 1614 collectio
1905 1583 2090 1614 Guillelmo
2106 1584 2146 1615 de
2163 1584 2301 1616 Balaeto

698 1636 881 1667 commissa
900 1638 961 1667 est.
980 1636 1032 1676 (A.
1049 1637 1098 1673 10,
1114 1636 1135 1666 f.
1152 1637 1213 1667 499
1229 1635 1258 1671 Ῐ’;
1283 1635 1316 1665 V.
1331 1637 1382 1671 67,
1400 1644 1452 1674 ep.
1474 1637 1531 1667 169
1547 1634 1583 1665 de
1600 1637 1681 1673 cur.)

741 1687 851 1718 8329.
869 1706 906 1711 -
924 1689 1035 1720 Mand.
1054 1688 1211 1729 archiep.o
1224 1687 1439 1718 panormitan.
1454 1690 1491 1719 ut
1511 1690 1567 1720 175
1583 1697 1643 1719 seu
1661 1690 1718 1720 165
1733 1689 1851 1720 uncias
1868 1689 1942 1720 auri
1959 1690 1999 1720 de
2013 1690 2144 1721 decima
2159 1691 2300 1722 collecta

698 1743 738 1774 de
754 1743 911 1774 mandato
927 1743 961 1774 S.
977 1743 1018 1773 A.
1036 1751 1097 1782 pro
1113 1742 1268 1773 subsidio
1287 1743 1400 1774 Terrae
1415 1741 1544 1774 Sanctae
1560 1750 1663 1782 penes
1682 1742 1970 1774 Bartholomaeum
1991 1743 2194 1780 Talianiani,
2212 1745 2298 1775 mili-

696 1797 765 1827 tem
783 1796 1028 1830 panormitan„
1047 1796 1251 1827 fiducialiter
1264 1795 1449 1835 depositas,
1470 1796 1502 1826 et
1515 1804 1576 1835 per
1592 1796 1704 1835 ipsum
1720 1796 1754 1826 in
1769 1796 1842 1836 ejus
1856 1796 1977 1827 ultimo
1991 1798 2193 1828 testamento
2209 1807 2297 1829 reco-

695 1850 819 1890 gnitas,
840 1849 880 1880 ab
899 1849 1090 1881 haeredibus
1107 1849 1242 1880 nomine
1263 1849 1301 1879 Ε.
1319 1849 1362 1880 R.
1384 1849 1536 1888 recipiat,
1555 1850 1587 1880 et
1606 1858 1664 1880 eas
1686 1858 1753 1880 una
1773 1858 1849 1880 cum
1864 1849 1942 1880 aliis
1962 1850 2183 1889 pecuniarum
2207 1860 2300 1882 sum-

696 1903 774 1940 mis,
792 1912 877 1942 quas
893 1902 934 1933 ab
951 1902 1120 1942 archiepo
1133 1902 1388 1942 Montisregalis
1402 1902 1553 1941 recipiet,
1570 1901 1817 1933 mercatoribus
1833 1903 1874 1933 de
1892 1903 2053 1934 societate
2067 1904 2298 1942 Perutiorum‚

695 1956 856 1987 Panormi
873 1955 1175 1994 commorantibus,
1192 1956 1326 1987 studeat
1348 1955 1534 1995 assignare.
1554 1955 1604 1993 (A.
1625 1957 1673 1993 10,
1691 1955 1714 1986 f.
1732 1957 1789 1987 481
1809 1961 1836 1993 ³;
1859 1956 1897 1987 V.
1912 1958 1963 1994 67,
1982 1965 2034 1996 ep.
2051 1959 2108 1989 176
2125 1957 2161 1988 de
2178 1958 2259 1997 cur.)

741 2006 851 2038 8330.
870 2028 907 2032 —
930 2008 1092 2039 Guillelmo
1111 2009 1147 2039 de
1161 2008 1291 2039 Balaeto
1312 2008 1537 2040 committitur
1554 2009 1705 2049 regimen
1722 2009 1872 2040 civitatis
1887 2010 1920 2040 et
1936 2010 2112 2042 districtus
2130 2012 2298 2042 Beneven-

695 2064 764 2094 tan.
785 2063 836 2102 (Α.
855 2064 903 2100 10,
923 2063 945 2093 f.
962 2063 1023 2094 502
1037 2067 1064 2098 ³3
1087 2062 1123 2093 V.
1139 2064 1191 2097 67,
1206 2071 1258 2102 ep.
1278 2064 1336 2093 179
1349 2061 1384 2092 de
1399 2062 1480 2102 cur.)

740 2113 850 2145 8331.
865 2133 904 2139 --
917 2116 1086 2156 Arckiep.o
1103 2120 1130 2146 ec
1144 2115 1224 2146 clero
1238 2115 1466 2147 Beneventan.
1485 2116 1597 2146 mand.
1614 2117 1652 2147 ut
1665 2115 1838 2147 moxdicto
1851 2117 1974 2147 rectori
1988 2117 2157 2149 obediant.
2177 2118 2229 2156 (A.
2247 2119 2297 2155 10,

695 2169 718 2200 f.
737 2170 798 2201 502
815 2169 846 2207 ¹³3
869 2168 904 2201 V.
918 2171 968 2207 67,
991 2178 1043 2209 ep.
1064 2171 1120 2200 179
1134 2168 1170 2199 de
1184 2171 1262 2208 cur.)

739 2219 850 2251 8332.
864 2222 938 2253 -Ι,
955 2231 982 2253 e.
1001 2231 1046 2253 m.
1061 2222 1180 2263 populo
1200 2226 1228 2252 et
1248 2222 1444 2252 universitati
1459 2222 1667 2253 Beneventan.
1690 2222 1728 2254 E.
1751 2223 1792 2254 R.
1815 2222 1989 2262 sthectis.
2009 2224 2061 2264 (A.
2085 2225 2133 2261 10,
2152 2225 2174 2255 f.
2194 2226 2254 2256 502
2267 2224 2295 2261 ι’;

700 2275 736 2307 V.
756 2278 807 2310 67,
825 2284 877 2314 ep.
895 2277 953 2307 179
969 2275 1006 2306 de
1022 2277 1102 2315 cur.)

738 2326 849 2358 8333.
869 2346 907 2351 —
930 2327 1085 2359 Praedicto
1109 2329 1222 2359 rectori
1245 2329 1358 2360 mand.
1378 2330 1416 2360 ut
1436 2329 1546 2369 capiat
1563 2330 1595 2360 et
1619 2329 1662 2360 ad
1687 2329 1720 2360 S.
1741 2329 1782 2360 Α.
1802 2330 2012 2361 transmittat
2031 2331 2189 2362 falsarios
2205 2331 2297 2362 litte-

693 2391 808 2413 rarum
832 2382 929 2414 dictae
947 2382 1039 2413 sedis
1058 2382 1093 2413 in
1115 2377 1218 2422 regno
1243 2382 1369 2414 Siciliae
1385 2383 1455 2413 tam
1478 2382 1563 2413 citra
1586 2391 1688 2422 quam
1706 2382 1796 2414 ultra
1818 2383 1928 2414 farum
1947 2384 2147 2415 existentes.
2171 2384 2224 2424 (A.
2245 2385 2295 2422 10,

693 2436 715 2467 f.
735 2436 791 2467 501
809 2435 837 2472 1>;
859 2435 895 2467 V.
916 2437 967 2472 67,
984 2444 1036 2475 ep.
1058 2437 1114 2467 181
1133 2435 1170 2467 de
1186 2437 1270 2475 cur.)
2068 2475 2071 2477 -

736 2485 847 2518 8334.
869 2506 907 2511 -
924 2487 1086 2520 Guillelmo
1102 2488 1139 2519 de
1154 2488 1283 2520 Balaeto
1301 2494 1330 2520 et
1340 2489 1453 2521 Joanm'
1468 2489 1596 2530 Roqerii
1611 2489 1724 2520 mand.
1744 2491 1782 2520 ut
1796 2498 1857 2530 per
1873 2490 2148 2530 aggravationem
2163 2491 2294 2522 senten-

691 2543 816 2574 tiarum
831 2550 956 2573 excom.
975 2544 1007 2574 et
1022 2542 1193 2574 interdicti
1208 2542 1355 2574 latarum
1366 2543 1531 2575 adversus
1544 2551 1660 2583 epum
1675 2543 1908 2583 Caputaquen.
1926 2535 2064 2582 propter
2079 2552 2145 2574 non
2162 2544 2293 2575 solutas

692 2595 841 2627 decimas
865 2604 889 2626 11
914 2604 1091 2631 annorum,
1115 2605 1202 2636 quas
1223 2596 1297 2637 ipse
1317 2598 1350 2628 et
1375 2596 1531 2628 nonnulli
1557 2596 1689 2636 praelati
1717 2596 1813 2636 regni
1838 2596 1963 2628 Siciliae
1986 2596 2153 2628 Clementi
2171 2597 2236 2627 ΡΡ.
2263 2597 2294 2630 V

692 2649 824 2680 solvere
837 2648 1077 2688 promiserant,
1093 2657 1169 2680 eum
1191 2649 1234 2680 ad
1249 2649 1456 2685 solutionem
1469 2649 1686 2689 compellant,
1703 2650 1749 2686 et,
1770 2649 1800 2680 si
1814 2649 2016 2688 expedierit,
2034 2649 2136 2680 citent
2153 2651 2190 2680 ut
2205 2649 2295 2681 infra

693 2712 726 2733 ιιι
745 2710 879 2733 menses
897 2703 1005 2741 apost.
1026 2703 1223 2741 conspectui
1237 2711 1274 2734 se
1291 2704 1483 2742 praesentet.
1501 2703 1553 2743 (A.
1577 2703 1625 2740 10,
1645 2702 1667 2733 f.
1684 2704 1739 2734 511
1761 2707 1792 2738 ³3
1814 2701 1850 2733 V.
1869 2704 1920 2738 67,
1941 2710 1993 2741 ep.
2014 2703 2072 2734 192
2085 2701 2121 2732 de
2133 2702 2214 2742 cur.)

735 2752 847 2784 8335.
867 2772 904 2777 —
919 2755 1087 2796 Archiep.o
1097 2755 1325 2797 Montisreqalis
1339 2756 1453 2787 mand.
1469 2757 1506 2787 ut
1521 2756 1691 2795 archiep.0
1703 2756 1935 2787 Panormitan.
1952 2756 1985 2786 et
2000 2763 2087 2795 mag.
2106 2755 2293 2788 Guillelmo

692 2809 732 2840 de
747 2808 884 2840 Balaeto
899 2807 1065 2840 rationem
1085 2809 1202 2840 reddat
1225 2809 1266 2840 de
1291 2810 1436 2849 pecunia
1459 2809 1668 2841 decimarum
1685 2810 1755 2839 tam
1774 2817 1833 2848 pro
1856 2808 2010 2839 subsidio
2030 2808 2143 2840 Terrae
2160 2809 2291 2842 sanctae

692 2870 794 2902 quam
813 2870 874 2901 pro
890 2861 931 2893 R.
955 2861 994 2893 E.
1020 2861 1281 2894 necessitatibus
1305 2862 1347 2894 ab
1369 2862 1445 2902 ipso
1463 2864 1496 2894 et
1515 2860 1825 2902 praedecessoribus
1844 2861 1917 2892 suis
1940 2860 2082 2892 collecta
2098 2861 2133 2892 in
2154 2862 2290 2901 Siciliae,

692 2914 869 2952 Sardiniae,
894 2914 1040 2946 Corsicae
1065 2916 1099 2947 et
1121 2915 1213 2948 Creti
1231 2915 1367 2954 insulis,
1393 2908 1569 2956 provincia
1593 2913 1747 2953 Achayae,
1774 2914 1899 2945 ducatu
1921 2913 2129 2946 Athenarum
2152 2916 2185 2947 et
2211 2915 2290 2947 aliis

690 2967 858 3008 partibus,
876 2969 909 3000 et
923 2967 1008 2999 eisd.
1028 2967 1153 3000 dictam
1168 2969 1346 3016 pecuniam
1360 2969 1482 3000 tradat.
1499 2969 1553 3008 (A.
1570 2969 1621 3005 11,
1640 2966 1664 2998 f.
1683 2967 1742 2999 527
1760 2966 1792 3004 ¹³3
1815 2966 1850 2999 V.
1866 2969 1918 3004 69,
1935 2976 1988 3007 ep.
2005 2968 2065 2999 207
2080 2967 2117 2999 de
2132 2968 2241 3008 curia.)
