2592 3562
435 545 1093 650 JOANNIS
1185 546 1611 645 PAPAE
1703 547 2039 648 XXII

1047 742 1431 813 (1316-1334)

734 964 1192 1037 LITTERAE
1258 964 1386 1035 DE
1453 963 1758 1036 CURIA

1092 1265 1129 1314 Α
1146 1265 1187 1314 Ν
1206 1265 1247 1313 Ν
1268 1264 1276 1312 Ι
1337 1264 1396 1312 ΙΙΙ

859 1391 862 1394 >
906 1364 944 1411 (5
967 1366 1061 1412 sept.
1090 1363 1203 1402 1318
1222 1384 1272 1390 —
1293 1364 1319 1400 4
1339 1366 1431 1412 sept.
1455 1363 1582 1411 1319)

259 1490 363 1518 Datum
387 1483 570 1518 Avenione.

231 1593 250 1621 6
269 1593 337 1629 (vm
356 1592 408 1629 id.)
424 1595 494 1628 sept.
513 1591 599 1620 1318.
703 1588 839 1621 10045.
855 1609 893 1613 -
911 1591 989 1622 Abb.
1018 1590 1143 1621 cisterc.
1169 1591 1281 1622 mand.
1299 1591 1336 1621 ut
1351 1590 1465 1621 mittat
1481 1590 1523 1620 ad
1546 1590 1614 1621 ΡΡ.
1634 1589 1698 1620 sub
1719 1589 1786 1620 fida
1803 1591 1958 1621 custodia
1975 1590 2259 1621 Bartholomaeum

658 1645 734 1678 abb.
761 1646 908 1676 monast.
934 1654 961 1676 s.
987 1644 1126 1676 Martini
1148 1644 1219 1675 ord.
1246 1644 1400 1682 Cisterc.‚
1428 1643 1617 1675 Viterbien.
1643 1643 1702 1679 di.‚
1725 1643 1783 1683 qui
1803 1643 1915 1674 Iocum
1940 1644 1975 1674 in
1993 1652 2059 1683 quo
2081 1644 2260 1675 servantur

656 1700 751 1732 6000
767 1699 827 1730 lib.
854 1699 1098 1738 paparinorum
1121 1698 1161 1728 de
1186 1697 1316 1729 decima
1342 1706 1403 1737 pro
1426 1698 1532 1728 Terra
1553 1697 1687 1734 Sancta,
1715 1696 1756 1728 ab
1775 1696 1850 1736 ipso
1869 1698 1902 1728 et
1929 1697 2178 1736 praedecessore
2199 1705 2260 1728 suo

657 1753 817 1790 collectae,
845 1754 877 1783 et
894 1751 935 1782 ab
959 1752 1046 1791 ipsis
1068 1751 1103 1782 in
1121 1760 1244 1791 pravos
1270 1759 1354 1781 usus
1371 1759 1552 1787 conversae,
1577 1750 1728 1782 revelare
1755 1750 1891 1790 negavit
1917 1750 2040 1781 rectori
2064 1750 2262 1790 patrimonii

657 1806 691 1837 b.
718 1806 811 1837 Petri
834 1806 868 1836 in
890 1805 1034 1843 Tuscia3
1058 1805 1238 1836 interdicat
1256 1806 1369 1837 autem
1391 1804 1458 1836 eid.
1483 1804 1560 1835 abb.
1587 1812 1722 1835 omnem
1748 1803 1990 1835 alienationem
2006 1803 2174 1835 bonorum
2189 1813 2263 1844 quae

658 1859 857 1900 praedictum
882 1860 1027 1890 monast.
1052 1858 1153 1890 habet
1168 1858 1202 1888 in
1219 1866 1322 1897 regno
1341 1858 1483 1898 Angliae,
1507 1866 1622 1897 quaeve
1644 1857 1718 1897 ipse
1745 1857 1894 1888 alienare
1918 1857 2076 1894 intendit,
2097 1858 2228 1888 extorta
2244 1866 2263 1888 a

658 1922 754 1944 conV.
779 1921 881 1953 super
893 1912 956 1943 hoc
970 1912 1223 1943 commissione.
1243 1910 1294 1951 (V.
1313 1913 1364 1948 69,
1381 1920 1434 1951 ep.
1454 1913 1482 1947 1,
1500 1910 1535 1941 de
1551 1911 1632 1950 eur.)

376 1967 412 1995 Ut
430 1975 454 1994 s-
708 1963 842 1995 10046.
855 1984 893 1988 -
910 1965 1089 1997 Atrebacen.
1108 1970 1135 1995 et
1150 1965 1320 1996 Bononien.
1336 1965 1416 2005 epds
1428 1974 1463 1994 ac
1478 1974 1559 2004 maq.
1578 1964 1741 2005 Aymerico
1757 1964 1794 1995 de
1807 1963 2003 2003 Castrolucii‚
2016 1964 2135 1996 archid.
2154 1964 2265 1994 Trans-

660 2020 820 2060 viqennen.
838 2020 870 2049 in
893 2018 967 2050 eccl.
986 2019 1153 2055 Turonen.,
1174 2019 1215 2049 A.
1238 2018 1274 2049 S.
1292 2018 1424 2056 nunciis,
1444 2018 1556 2049 mand.
1575 2019 1612 2049 ut
1629 2018 1803 2058 inquirant
1818 2019 1851 2049 et
1865 2017 2014 2049 referant
2032 2026 2134 2057 Super
2149 2026 2263 2049 exces-

660 2073 757 2105 sibus
772 2073 865 2104 oivit.
886 2072 1092 2110 Ferrarien.‚
1111 2073 1143 2104 et
1161 2072 1388 2103 deffensiones
1409 2071 1602 2111 potestatis,
1625 2071 1762 2103 consilii
1785 2072 1819 2103 et
1841 2071 2033 2103 communis
2058 2071 2264 2107 Ferrarien.,

659 2135 720 2167 per
735 2135 820 2167 quas
835 2125 975 2166 probari
991 2125 1204 2166 praetendunt
1225 2125 1315 2165 quod
1335 2125 1377 2156 ad
1394 2133 1453 2156 eos
1468 2133 1631 2156 excessus
1647 2125 1841 2156 necessario
1860 2124 1991 2156 inducti
2013 2124 2161 2162 fuerunt,
2180 2125 2265 2156 reci-

659 2181 755 2221 piant
770 2181 803 2211 et
818 2180 860 2211 ad
878 2180 912 2212 S.
928 2180 968 2210 A.
988 2179 1233 2210 transmittant.
1255 2179 1306 2217 (A.
1333 2180 1380 2217 11,
1404 2178 1426 2209 f.
1445 2179 1505 2210 510
1530 2177 1543 2199 ¹³
1561 2179 1594 2210 et
1613 2179 1673 2210 538
1688 2183 1718 2213 a;
1743 2178 1779 2209 V.
1800 2180 1852 2216 69,
1870 2187 1922 2218 ep.
1941 2179 1980 2210 49
1996 2179 2028 2210 et
2045 2179 2114 2215 125,
2130 2177 2166 2208 de
2181 2187 2263 2215 cur.;

661 2233 792 2270 Riezler,
811 2232 1055 2264 Vatikanische
1070 2232 1195 2270 Akten,
1213 2241 1246 2263 n.
1266 2233 1348 2271 124.)

376 2287 414 2315 Ut
433 2295 456 2315 s.
708 2283 844 2315 10047.
860 2303 899 2309 —-
915 2286 948 2316 E
949 2286 1008 2316 isd.
1023 2286 1143 2316 nunciis
1156 2286 1269 2316 mand.
1286 2287 1323 2316 ut
1338 2285 1510 2317 communi
1526 2285 1717 2316 Ferrarien.
1737 2285 1894 2316 ordinent
1912 2293 1986 2324 quae
2001 2285 2147 2316 viderint
2162 2293 2261 2324 expe-

662 2340 735 2371 dire
751 2341 794 2371 ad
806 2339 1092 2371 reedificationem
1108 2340 1310 2377 castrorum,
1329 2339 1488 2376 turrium,
1505 2338 1750 2370 fortalitiorum
1766 2339 1798 2370 et
1814 2338 2021 2369 fossatorum
2033 2338 2117 2369 citra
2127 2339 2265 2377 pontem

662 2393 814 2426 fluminis
833 2393 914 2424 Padi
929 2394 962 2424 et
977 2392 1013 2423 in
1029 2393 1138 2432 capite
1160 2392 1270 2432 ipsius
1287 2392 1413 2432 pontis,
1433 2401 1507 2432 quae
1525 2392 1571 2423 id.
1595 2401 1774 2423 commune
1789 2393 1941 2431 tempore
1962 2391 2125 2422 novitatis
2143 2391 2265 2422 ultimo

662 2447 785 2478 hahitae
803 2446 966 2483 diruerat,
983 2455 1061 2477 cum
1078 2446 1221 2477 frivolas
1237 2446 1306 2476 ΡΡ.
1321 2446 1455 2486 reputet
1468 2445 1704 2477 excusationes
1721 2445 1762 2476 ab
1777 2445 1850 2476 eod.
1869 2444 2040 2476 communi
2057 2443 2262 2484 propositas.

663 2501 715 2541 (Α.
737 2502 786 2537 11,
806 2499 831 2531 f.
848 2501 908 2531 514
922 2504 936 2520 ὃ
952 2501 985 2531 et
999 2501 1058 2532 537
1072 2499 1104 2536 ’3,-
1129 2498 1162 2531 V.
1179 2501 1230 2533 69,
1247 2508 1299 2539 ep.
1320 2501 1360 2531 54
1375 2500 1406 2530 et
1425 2500 1495 2534 124,
1509 2499 1546 2529 de
1563 2508 1648 2536 cur.;
1667 2498 1798 2536 Riezler,
1817 2500 1854 2529 ut
1870 2507 1911 2535 s.,
1931 2506 1963 2528 n.
1982 2497 2067 2537 125.)

312 2551 345 2581 17
359 2555 428 2589 sept.
447 2552 534 2582 1318.
709 2550 846 2582 10048.
870 2571 909 2575 —
925 2552 1007 2594 Maq.
1023 2551 1187 2583 Guillelmo
1205 2552 1304 2583 Costae
1321 2551 1434 2583 decano
1451 2551 1522 2582 eccl.
1539 2551 1672 2588 Pallen„
1685 2551 1871 2593 patrimonii
1886 2550 1913 2580 b.
1929 2550 2014 2580 Petri
2031 2550 2061 2579 in
2075 2549 2186 2580 Tuscia
2201 2559 2265 2580 rec·

316 2597 367 2632 (xv
383 2597 442 2625 ¹¹⁸¹·
459 2597 528 2631 ⁰0²0
665 2607 735 2644 tor-i,
761 2615 854 2638 conc.
871 2607 1025 2646 potestas
1041 2606 1167 2637 citandi
1186 2608 1218 2637 et
1237 2606 1377 2637 vocandi
1398 2606 1440 2637 ad
1461 2614 1497 2637 se
1522 2604 1679 2640 rebelles,
1707 2605 1796 2635 infra
1815 2603 2007 2644 provincias
2026 2602 2092 2633 sibi
2109 2603 2263 2634 decretas

664 2660 902 2698 consistentes,
917 2668 985 2691 non
994 2658 1081 2691 obst.
1096 2659 1287 2699 privilegiis
1298 2659 1397 2690 Sedis
1411 2660 1520 2699 apost.
1537 2660 1570 2690 et
1583 2657 1880 2690 consuetudinario
1889 2656 1964 2696 jure
1976 2655 2161 2687 secundum
2175 2655 2266 2696 quod

664 2714 762 2746 extra
787 2721 870 2744 suas
893 2713 985 2744 civit.
1013 2714 1046 2744 et
1062 2713 1108 2744 di.
1137 2713 1178 2743 ad
1192 2713 1358 2752 judicium
1382 2713 1516 2744 evocari
1538 2721 1604 2743 non
1621 2711 1766 2751 possint.
1797 2710 1848 2748 (A.
1877 2711 1924 2747 11,
1954 2709 1975 2740 f.
2005 2710 2064 2740 502
2092 2714 2120 2746 ³3
2155 2708 2186 2739 V.
2212 2710 2264 2747 69,

664 2775 717 2807 ep.
735 2767 766 2804 2,
785 2766 822 2797 de
841 2767 921 2805 cur.)

383 2818 418 2847 Ut
437 2826 460 2847 s.
710 2816 846 2849 10049.
872 2837 911 2842 -
935 2819 1048 2851 Eidem
1072 2828 1165 2851 cono.
1189 2819 1289 2850 facul.
1307 2819 1533 2859 compellendi
1551 2817 1742 2849 ordinarios
1761 2817 1793 2848 et
1813 2816 1912 2856 capit.
1937 2815 1979 2846 ad
1994 2815 2266 2847 observationem

666 2873 913 2904 sententiarum
928 2882 1059 2905 excom.
1084 2874 1118 2904 et
1135 2873 1306 2903 interdicti
1320 2882 1405 2913 quas
1423 2872 1495 2912 ipse
1513 2871 1548 2902 in
1565 2870 1720 2902 subditos
1735 2869 1864 2901 tulerit.
1880 2868 1934 2909 (V.
1957 2870 2007 2905 69,
2028 2877 2080 2908 ep.
2097 2869 2115 2900 3
2131 2868 2168 2899 de
2184 2868 2265 2909 cur.)

383 2925 419 2954 Ut
437 2933 461 2953 s.
712 2922 847 2954 10050.
866 2944 905 2949 -
928 2925 1007 2958 Eid.
1027 2935 1118 2958 conc.
1140 2925 1240 2956 facul.
1265 2925 1491 2965 compellendi
1515 2923 1704 2955 ordinarios
1721 2923 1763 2954 ad
1784 2921 2055 2953 observationem
2084 2922 2265 2953 sententia-

674 2987 750 3010 rum
765 2987 895 3011 excom.
912 2980 946 3010 et
959 2979 1131 3011 interdicti
1148 2988 1233 3019 quas
1250 2979 1407 3010 eumdem
1422 2979 1587 3009 rectorem
1601 2975 1654 3008 vel
1674 2975 1837 3007 officiales
1853 2983 1933 3006 suos
1949 2975 1984 3005 in
1998 2974 2210 3014 appellantes
2223 2975 2266 3007 ad

668 3031 701 3064 S.
717 3032 757 3063 A.
774 3031 862 3064 ferre
878 3032 1068 3073 contigerit.
1085 3031 1136 3072 (V.
1153 3035 1203 3064 69.
1226 3041 1278 3071 op.
1293 3035 1313 3063 -1
1326 3031 1363 3063 de
1380 3032 1459 3069 cur.)
