2592 3562
366 341 428 373 452
766 335 941 369 JOANNIS
965 335 1085 368 PAPAE
1106 335 1198 368 XXII
1231 335 1484 376 (1818-1884).
1507 353 1546 359 -—
1568 310 1755 366 LITTERAE
1778 334 1830 366 DE
1852 334 1979 367 CURIA

397 431 499 458 Datum
528 425 711 459 Avenione.

797 531 909 562 Terrae
925 530 1055 562 Sanctae
1073 530 1235 570 imposita
1251 529 1287 561 in
1304 529 1396 561 civit.
1416 531 1449 561 et
1463 529 1511 560 di.
1529 529 1669 561 cuman.
1686 531 1720 561 et
1736 537 1796 570 per
1811 537 1871 561 eos
1888 528 2030 562 collecta
2045 529 2088 561 ad
2104 537 2275 562 cameram
2289 530 2402 570 apost.

797 583 968 615 destinare
982 583 1152 615 studeant.
1171 583 1224 622 (A.
1238 582 1328 620 11,1“.
1349 583 1410 615 512
1426 587 1456 619 ⁸3
1478 581 1514 614 V.
1531 584 1585 620 69,
1603 590 1656 622 ep.
1675 583 1734 615 144
1749 582 1786 614 de
1799 585 1881 623 cur.)

366 639 385 667 3
401 640 448 674 (111
466 638 549 675 non.)
565 646 631 673 aua.
649 637 738 666 1319.
843 633 1042 666 10211-
1058 635 1198 668 Litterae
1219 635 1502 668 commendatitiae
1529 644 1590 675 pro
1617 643 1706 676 mag.
1727 635 1932 676 Raymundo
1955 636 1997 668 de
2019 635 2248 673 Montermso,
2273 635 2403 668 archid.

795 690 928 722 Xativae
951 691 987 721 in
1005 689 1085 721 eccl.
1104 689 1287 726 Valentin„
1306 690 1346 720 A.
1364 689 1398 720 S.
1416 688 1539 720 nuncio
1563 688 1598 719 in
1613 688 1793 728 Hispania.
1815 689 1868 727 (A.
1887 690 1938 726 11,
1954 690 1962 708 ¹
1982 688 2006 720 f.
2021 690 2111 722 542·
2118 688 2193 727 ;V.
2205 690 2258 725 69,
2275 696 2329 729 ep.
2345 689 2405 722 ¹45

796 743 834 775 de
849 753 914 774 cur.
919 743 929 783 )

367 799 406 828 ⁴2
426 801 460 834 (ιι
481 799 535 835 id.)
558 806 625 834 aua.
649 797 737 827 1319.
841 793 975 826 10215.
995 813 1034 819 -
1051 795 1133 836 Maq.
1150 795 1278 837 Huqoni
1291 796 1328 826 de
1343 794 1503 826 Mirabello
1521 800 1548 825 et
1569 793 1700 826 69ναίάο
1718 794 1875 836 Danqlars
1889 795 2003 827 mand.
2022 797 2060 828 ut
2073 803 2193 828 omnes
2209 795 2269 836 qui
2285 803 2407 836 procu-

796 850 947 881 rationes
967 849 1098 881 ratione
1121 849 1226 881 officii
1247 848 1457 880 visitationis
1473 847 1606 879 debitas
1626 847 1682 879 b0.
1700 856 1765 880 me.
1789 848 1976 880 Guillelmo
1995 857 2072 888 ep.o
2088 848 2314 881 Tarraconen.
2335 856 2405 881 non

796 903 982 941 solverunt,
1001 903 1044 934 ad
1059 902 1265 934 solutionem
1283 911 1400 934 earum
1416 901 1633 941 compellant.
1654 901 1707 940 (A.
1733 903 1782 938 11,
1799 900 1824 933 f.
1840 903 1900 934 517
1915 906 1929 923 ⁸
1934 910 1945 938 3
1969 900 2003 932 V.
2017 903 2070 939 69,
2088 909 2142 942 ep.
2157 902 2216 934 150
2233 901 2270 933 de
2282 901 2366 942 cur.)

430 958 471 986 20
494 966 562 993 aua.
581 957 669 986 1319.
843 953 978 985 10216.
996 972 1036 978 --
1052 955 1216 996 Archene
1233 954 1504 996 Caesarauqustan.
1521 954 1635 986 mand.
1652 955 1690 986 ut
1706 954 1886 994 pecuniam
1899 955 1940 986 de
1954 953 2254 995 procurationibus
2267 954 2324 987 bo.
2335 962 2403 987 me.

426 1004 494 1040 (¹¹¹1
513 1003 571 1031 kal.
592 1003 679 1037 sept.)
795 1010 981 1042 Guillelmo
1006 1009 1176 1048 archiep-o
1192 1009 1418 1040 Terraconen.
1440 1007 1576 1045 debitis,
1597 1016 1616 1038 a
1636 1007 1762 1047 quond.
1783 1007 1989 1047 Raymundo
2006 1006 2120 1047 priore
2140 1007 2175 1039 S.
2198 1007 2244 1039 M.
2263 1006 2406 1048 Maioris

798 1063 1092 1103 Caesaraugustan.
1119 1062 1248 1094 ratione
1274 1061 1483 1093 visitationis
1506 1061 1560 1092 off.
1588 1060 1765 1092 collectam
1789 1060 1825 1092 in
1853 1059 1945 1092 civit.
1970 1061 2004 1092 et
2026 1060 2073 1092 di.
2092 1060 2402 1101 cesaraugustam,

796 1116 933 1157 Hugoni
956 1116 997 1147 de
1013 1115 1192 1148 Mirabello
1218 1117 1252 1147 et
1270 1115 1420 1147 Gerardo
1445 1114 1487 1145 de
1509 1113 1659 1154 Anglars
1678 1114 1722 1145 A.
1741 1113 1776 1146 S.
1794 1113 1930 1145 nunciis
1952 1113 2056 1146 faciat
2071 1113 2203 1155 integre
2219 1113 2402 1155 assignari.

795 1170 850 1211 (A.
870 1172 918 1207 11,
936 1169 959 1201 f.
983 1171 1043 1201 559
1063 1175 1092 1206 ες
1115 1169 1151 1201 V.
1169 1171 1221 1207 69,
1239 1177 1292 1208 ep.
1313 1170 1370 1200 157
1385 1167 1422 1199 de
1440 1169 1524 1207 cur.)

509 1224 548 1253 Ut
566 1232 590 1252 s.
842 1220 977 1253 10217.
1001 1240 1041 1246 -—
1066 1222 1234 1263 Archiep.o
1262 1221 1415 1253 Gneznen.
1442 1220 1567 1262 ejusque
1587 1220 1793 1262 suffraganeis
1820 1220 1983 1252 scribitur
2010 1221 2102 1261 quod
2124 1221 2167 1252 ad
2189 1228 2341 1261 praesens
2365 1227 2404 1253 se

797 1276 970 1308 abstinent
992 1276 1035 1308 ab
1058 1276 1223 1308 electione
1237 1274 1434 1312 Wladislai,
1461 1273 1644 1312 Cracoviae,
1663 1274 1899 1312 Sandomiriae,
1916 1274 2082 1314 syradiae,
2099 1273 2276 1312 Laucitiae,
2293 1273 2406 1315 Cuya·

796 1330 872 1366 vise,
888 1330 1051 1370 regnique
1069 1329 1220 1361 Poloniae
1235 1338 1274 1360 ac
1288 1330 1387 1360 terrae
1403 1327 1614 1359 Pomeraniae
1629 1327 1726 1359 ducis
1744 1329 1778 1359 et
1791 1326 1937 1359 haeredis
1951 1335 1991 1359 ac
2007 1327 2111 1359 etiam
2125 1327 2350 1368 possessoris.
2365 1326 2405 1359 in

797 1392 912 1424 regem
926 1383 1075 1415 Poloniae
1089 1383 1131 1414 ab
1146 1383 1234 1422 ipsis
1245 1382 1362 1422 petita,
1377 1390 1457 1412 nam
1469 1381 1489 1413 J
1491 1389 1619 1412 oannes
1632 1389 1691 1412 rex
1705 1380 1878 1412 Bohemiae
1885 1381 1943 1422 jus
1963 1389 2065 1412 suum
2084 1380 2121 1412 in
2135 1388 2240 1421 regno
2252 1380 2404 1413 Poloniae

798 1446 912 1468 coram
931 1436 1001 1468 ΡΡ.
1024 1437 1174 1476 experiri
1198 1437 1232 1467 et
1255 1435 1399 1475 probare
1425 1434 1583 1466 intendit.
1607 1434 1663 1475 (A.
1688 1435 1737 1470 11,
1759 1433 1784 1465 f.
1810 1435 1870 1466 573
1889 1433 1922 1472 ¹²3
1946 1434 1983 1466 V.
2011 1435 2064 1472 69,
2093 1442 2146 1474 ep.
2170 1435 2230 1466 166
2253 1432 2292 1465 de
2317 1443 2402 1472 eut-‚3

798 1489 918 1531 Ripell,
934 1490 1124 1521 Bullarium
1142 1490 1181 1522 O.
1200 1489 1254 1525 P.‚
1271 1491 1295 1520 t.
1309 1489 1353 1526 ΙΙ,
1367 1496 1400 1527 p.
1418 1489 1476 1519 147
1485 1498 1495 1525 ;
1510 1487 1679 1529 Raynaldi,
1696 1487 1848 1519 Annales
1863 1487 2066 1526 ecclesiast„
2084 1488 2175 1525 1319,
2192 1487 2281 1528 ΞΠ.)

433 1544 475 1572 25
490 1553 555 1580 auq.
574 1544 665 1573 1319.
840 1544 853 1555 ’
880 1540 1013 1573 10218.
1030 1561 1070 1565 -
1088 1542 1212 1573 Clzirico
1229 1540 1386 1573 Guillelmi
1398 1541 1502 1583 priori
1515 1541 1650 1582 priorat.
1668 1551 1693 1572 s.
1712 1540 1885 1578 Benedicti,
1898 1539 2006 1572 AEsin.
2021 1540 2079 1576 di..
2095 1544 2125 1572 et
2137 1540 2235 1572 Lonio
2246 1538 2405 1582 Raynaldz·
2452 1565 2457 1568 .
2508 1552 2539 1578 -;,·

425 1590 494 1626 (vm
513 1590 573 1618 kal.
595 1590 684 1625 sept.)
796 1597 832 1627 de
844 1595 940 1628 AEsz'o
956 1601 985 1627 et
1001 1595 1262 1627 communitatibus
1279 1595 1380 1626 Terrae
1394 1605 1419 1625 s.
1438 1595 1557 1633 Quirici
1576 1605 1612 1626 ac
1633 1594 1754 1626 Rosorae
1769 1594 1813 1625 Ε.
1830 1595 1869 1626 R.
1891 1594 2035 1636 subjectis
2050 1603 2069 1626 ι
2087 1594 2248 1635 spiritum
2265 1593 2404 1627 consilii
2530 1603 2537 1613 ¹

795 1651 943 1682 sanioris
959 1661 974 1681 n
990 1650 1103 1681 mand.
1116 1651 1164 1687 ut,
1182 1658 1201 1680 a
1212 1649 1398 1680 rebellione
1414 1650 1532 1680 contra
1546 1648 1590 1680 R.
1606 1649 1644 1680 E.
1663 1649 1882 1684 desistentes,
1895 1648 1938 1680 ad
1953 1648 2063 1688 ejusd.
2077 1647 2162 1679 eccl.
2173 1646 2404 1680 obedientiam

795 1706 982 1741 revertant3
1000 1704 1147 1734 citantur
1162 1705 1199 1734 ut
1214 1703 1256 1734 ad
1273 1704 1308 1735 S.
1327 1703 1368 1734 A.
1387 1711 1422 1734 se
1442 1703 1662 1742 praesentent.
1680 1701 1850 1734 Scribitur
1867 1701 2003 1734 Amelio
2019 1701 2144 1734 rectori
2159 1700 2318 1733 Marchiae
2332 1700 2403 1733 An-

794 1758 939 1788 conitan.
961 1760 998 1788 ut
1017 1757 1201 1796 praesentes
1219 1756 1353 1787 litteras
1370 1755 1530 1796 publicet.
1546 1755 1601 1795 (A.
1620 1757 1670 1793 11,
1688 1755 1711 1786 f.
1729 1757 1788 1787 557
1804 1760 1832 1793 ³;
1857 1754 1893 1786 V.
1907 1756 1961 1792 69,
1983 1763 2037 1795 ep.
2056 1756 2115 1786 156
2128 1753 2165 1786 de
2179 1755 2261 1794 cur.)

510 1812 547 1839 Ut
561 1819 584 1839 s.
841 1807 978 1841 10219.
995 1828 1033 1833 -
1045 1810 1206 1847 Potestaci,
1224 1809 1351 1840 consilio
1371 1814 1400 1840 ee
1412 1809 1534 1850 populo
1549 1809 1739 1840 Racanaten.
1759 1808 1874 1840 mand.
1891 1810 1929 1840 ut
1944 1808 2008 1840 suh
2023 1817 2122 1848 poena
2137 1816 2268 1840 excom.
2285 1815 2404 1848 epam

793 1865 999 1896 Racanaten.
1017 1866 1049 1895 et
1065 1864 1151 1895 alias
1165 1872 1255 1903 pers.
1273 1863 1461 1895 ecclesiast.
1479 1863 1520 1894 de
1537 1863 1630 1894 civit.
1647 1871 1708 1902 per
1723 1862 1923 1894 violentiam
1935 1861 2099 1902 expulsas
2115 1870 2193 1893 cum
2208 1861 2402 1894 reverentia

794 1919 974 1949 addictam
990 1918 1083 1948 civit.
1097 1919 1265 1948 revocent.
1281 1917 1334 1957 (A.
1351 1919 1400 1954 11,
1418 1916 1442 1947 f.
1460 1918 1520 1949 560
1536 1916 1566 1953 ¹³3
1590 1915 1625 1946 V.
1640 1917 1692 1954 69,
1710 1924 1763 1956 ep.
1780 1915 1889 1947 mode
1907 1915 1987 1955 cur.)

515 1971 549 1998 Ut
564 1980 587 1998 s.
840 1968 976 2000 10220.
995 1987 1032 1992 -
1057 1970 1177 2001 Amelio
1199 1971 1311 2001 rectori
1332 1970 1477 2001 Marchiae
1495 1970 1681 2000 Anconitan.
1703 1969 1866 2001 scribitur
1882 1971 1919 2000 ut
1934 1968 2136 2008 praedictum
2153 1968 2351 2001 mandatum
2365 1969 2401 2001 et

792 2034 909 2065 poenas
928 2025 963 2055 in
980 2033 1019 2055 eo
1035 2026 1211 2055 contentas
1227 2024 1389 2064 publicet.
1408 2024 1461 2063 (A.
1487 2025 1536 2061 11,
1554 2023 1577 2056 f.
1596 2025 1683 2055 561³
1690 2023 1760 2060 ‚·V.
1779 2025 1830 2060 69,
1848 2031 1901 2063 ep.
1921 2024 1978 2054 161
1996 2021 2035 2053 de
2051 2023 2133 2062 cur.)

506 2078 544 2106 Ut
569 2087 594 2107 s.
838 2075 1065 2107 ’10221.-
1087 2077 1254 2108 Bur-donus
1277 2083 1307 2108 et
1329 2077 1482 2108 Galiotlus
1502 2076 1694 2108 Amelmucii
1711 2076 1748 2107 de
1767 2075 1910 2107 Smirillo
1930 2076 2058 2116 fratres,
2083 2074 2158 2106 laici
2178 2074 2320 2107 Firmum
2341 2073 2401 2112 di..

793 2142 809 2162 «
829 2132 990 2171 spiritum
1018 2131 1153 2162 consilii
1180 2131 1327 2162 sanioris
1353 2141 1381 2167 »,
1405 2131 1552 2162 citantur
1576 2132 1614 2162 ut
1636 2131 1863 2170 respondeant
1886 2129 1927 2160 de
1943 2128 2145 2160 excessibus
2162 2130 2281 2161 contra
2299 2128 2344 2161 R.
2358 2128 2400 2161 Ε.

793 2185 1001 2222 commissis,
1022 2193 1098 2215 cum
1123 2185 1264 2216 monitis
1284 2186 1321 2216 ut
1340 2185 1382 2216 ad
1407 2184 1514 2225 ejusd.
1533 2184 1614 2216 eccl.
1637 2183 1871 2215 ‘obedientiam
1896 2183 2083 2220 revertant;
2106 2182 2263 2222 sequitur
2283 2181 2399 2214 mand.

793 2239 928 2270 Amelio
941 2238 1063 2270 rectori
1076 2238 1234 2269 Marchiae
1246 2238 1449 2270 Anconitan.
1459 2241 1497 2269 ut
1509 2239 1695 2278 praesentes
1709 2237 1841 2268 litteras
1854 2236 1942 2276 ipsis
1953 2235 2116 2276 publicet.
2128 2235 2184 2277 (A.
2201 2238 2249 2273 11,
2262 2235 2287 2267 f.
2299 2235 2400 2272 570&

798 2292 833 2323 V.
851 2294 902 2328 69,
921 2301 973 2331 ep.
993 2293 1051 2323 166
1065 2291 1102 2322 de
1117 2293 1197 2330 cur.)

510 2346 547 2373 Ut
563 2354 588 2374 s.
839 2342 973 2375 10222.
1002 2363 1038 2368 -
1062 2344 1167 2384 Capit.
1193 2344 1324 2375 basilicae
1346 2345 1498 2386 principis
1522 2343 1731 2386 apostolorum
1754 2343 1792 2375 de
1814 2343 1894 2374 Urbe
1916 2343 2030 2374 mand.
2053 2344 2091 2374 ut
2108 2341 2257 2381 Amelio,
2274 2341 2400 2378 rectori

791 2398 948 2430 Marchiae
963 2398 1177 2436 Anconitan.,
1193 2398 1427 2430 transmittant
1439 2399 1655 2438 transumpta
1667 2397 1731 2429 sub
1745 2397 1855 2428 forma
1869 2396 2007 2436 publica
2021 2395 2282 2436 privilegiorum
2296 2403 2401 2436 super

792 2451 1071 2483 concessionibus
1101 2451 1200 2483 factis
1221 2452 1383 2483 Ecclesiae
1406 2452 1569 2483 Romanae
1594 2451 1635 2483 de
1658 2450 1835 2491 provincia
1862 2450 2021 2482 Marchiae
2044 2449 2262 2487 Anconitan.,
2285 2448 2401 2482 Massa

791 2505 967 2543 Trabaria‚
983 2506 1075 2536 terra
1093 2513 1120 2535 s.
1134 2505 1272 2545 Agathae
1287 2514 1324 2536 ac
1340 2505 1433 2537 civit.
1446 2507 1480 2536 et
1489 2505 1614 2545 quond.
1632 2504 1795 2536 comitatu
1807 2503 1942 2541 Urbini,
1959 2511 2090 2535 necnon
2104 2504 2138 2534 et
2152 2502 2401 2535 sententiarum

792 2561 909 2590 contra
924 2558 1112 2590 incidentes
1128 2559 1316 2599 lignamina
1336 2559 1371 2589 in
1387 2558 1586 2590 nemoribus
1606 2559 1648 2590 A.
1669 2559 1704 2590 S.
1722 2557 1813 2589 infra
1826 2557 1977 2589 Massam
1993 2556 2191 2597 praedictam
2208 2556 2399 2589 consisten-

791 2612 895 2650 tibus,
915 2621 951 2643 ac
969 2612 1154 2643 vendentes
1169 2613 1202 2643 et
1218 2613 1370 2643 ementes
1383 2613 1457 2643 ead.
1475 2613 1527 2651 (A.
1550 2613 1600 2649 11,
1625 2611 1649 2643 f.
1673 2613 1734 2643 572
1747 2610 1779 2650 ¹³3
1800 2610 1836 2642 V.
1852 2612 1905 2649 69,
1922 2619 1976 2677 ep.
1994 2611 2052 2642 167
2068 2609 2106 2641 de
2125 2618 2208 2647 οντες
2223 2608 2401 2641 Bullan'm

791 2676 830 2697 ss.
847 2665 991 2697 Basilica>
1011 2665 1177 2703 vaticanae,
1195 2667 1219 2696 t.
1235 2665 1261 2704 I,
1278 2675 1310 2705 p.
1329 2667 1414 2704 255.)

507 2720 544 2748 Ut
563 2729 589 2748 s.
838 2717 974 2748 10223.
997 2738 1036 2743 -
1054 2718 1207 2750 Praedicto
1226 2718 1346 2750 Amelio
1363 2728 1456 2751 conc
1475 2719 1578 2751 facul.
1601 2718 1838 2751 committendi
1860 2719 1894 2750 et
1907 2717 2107 2758 imponendi
2124 2717 2399 2758 praedicatorum,

791 2773 975 2810 minorum,
993 2774 1026 2804 et
1039 2772 1293 2803 haeremitarum
1311 2781 1338 2803 S.
1357 2773 1542 2813 Augustini
1559 2772 1630 2804 ord.
1649 2771 1825 2809 fratribus,
1843 2771 1934 2802 infra
1947 2770 2101 2802 decretas
2117 2770 2185 2810 ipsi
2201 2769 2397 2810 provincias

792 2826 1000 2864 constitutis,
1021 2834 1241 2866 quaecumque
1259 2826 1391 2857 ratione
1414 2826 1593 2866 regiminis
1615 2825 1783 2857 dictarum
1801 2824 2057 2865 provinciarum
2077 2823 2203 2855 viderit
2221 2823 2396 2864 expedire.

792 2880 846 2921 (A.
864 2882 914 2917 11,
930 2880 955 2911 f.
971 2880 1032 2912 572
1048 2879 1077 2916 1);
1103 2878 1136 2910 V.
1152 2880 1203 2917 69,
1222 2887 1274 2919 ep.
1292 2879 1350 2909 168
1367 2879 1402 2910 de
1416 2879 1497 2920 cur.)

509 2933 545 2961 Ut
564 2941 588 2961 s.
839 2935 850 2945 ²
875 2930 1010 2962 10224.
1026 2950 1066 2955 —
1083 2932 1243 2970 Potestati‚
1259 2932 1429 2973 capitaneo,
1445 2932 1570 2963 consilio
1587 2938 1615 2963 et
1632 2932 1796 2968 communi,
1809 2941 1845 2962 ac
1861 2931 1987 2972 Lipatie
2003 2935 2032 2962 et
2047 2929 2179 2962 Andreae
2190 2929 2303 2971 quand.
2320 2929 2398 2962 Gen·

824 3045 847 3068 1.
865 3043 905 3068 En
922 3051 1014 3076 mar-qe
1028 3051 1062 3069 on
1077 3043 1107 3068 m
1121 3048 1128 3069 ε
1145 3052 1156 3066 ι
1169 3042 1337 3075 Registrata
1354 3042 1410 3068 fuit
1425 3042 1487 3068 sine
1501 3044 1584 3075 signo
1600 3041 1843 3069 vicecancellarii.
1858 3050 1874 3067 »
