2592 3562
405 327 465 358 266

439 417 543 444 Datum
562 412 743 446 Avenione.

413 625 488 661 2(1v
502 625 582 658 non.)
596 633 662 660 auo.
679 624 768 654 4348.

551 945 587 972 Ut
604 953 628 972 s.

545 1157 581 1184 Ut
605 1164 628 1184 s.

548 1424 584 1451 Ut
601 1432 625 1451 s.

548 1638 582 1666 Ut
599 1647 622 1665 s.

546 1961 583 1988 Ut
598 1969 624 1988 s.

545 2121 581 2148 Ut
600 2130 622 2148 s.

546 2334 583 2362 Ut
599 2343 623 2362 s.

544 2548 581 2576 Ut
599 2557 624 2576 s.

546 2763 583 2791 Ut
595 2771 619 2790 s.

549 2922 584 2949 Ut
598 2931 622 2950 s.

818 326 991 357 JOANNIS
1015 326 1133 358 PAPAE
1155 326 1257 358 XXII.
1281 327 1531 369 (1816-1884).
1555 347 1593 352 —
1616 328 1804 360 LITTERAE
1826 329 1878 360 DE
1900 328 2024 360 CURIA

832 518 932 555 tium,
951 526 1055 558 penes
1083 518 1249 558 Angelum
1275 518 1316 550 de
1335 518 1449 557 Porta,
1468 520 1577 552 civem
1600 520 1831 561 portugalen„
1858 520 2103 559 depositarum.
2122 518 2177 559 (A.
2199 520 2249 558 10,
2272 519 2296 551 f.
2318 521 2379 552 478
2403 520 2433 557 ¹³;

840 570 873 601 V.
889 572 941 608 67,
958 579 1010 611 ep.
1029 572 1087 603 165
1102 570 1139 602 de
1153 570 1236 611 cur.)

878 621 988 653 8282.
1008 642 1046 647 -
1062 624 1145 664 Maq.
1163 623 1323 656 Guillelmo
1337 625 1433 657 Come
1446 626 1631 667 patrimonii
1648 626 1677 656 b.
1693 625 1782 656 Petri
1797 626 1830 655 in
1852 624 1880 655 T
1877 625 1963 655 uscia
1982 625 2096 656 rectori
2115 626 2230 657 mand.
2248 627 2286 658 ut
2301 625 2435 658 nobiles

834 676 912 708 illos
933 678 967 708 et
991 678 1147 717 potentes
1172 679 1266 709 extra
1285 677 1437 710 decretas
1460 679 1572 711 eidem
1597 679 1720 710 rectori
1747 678 1942 718 provincias
1967 678 2184 717 constitutos,
2201 679 2272 719 qui,
2296 680 2434 712 easdem

832 730 1026 769 provincias
1049 739 1152 762 manu
1167 732 1297 763 armata
1311 731 1541 772 ingredientes
1556 732 1728 763 hostiliter
1743 733 1776 763 et
1793 740 1912 762 eorum
1931 731 2104 763 exercitus
2120 731 2157 764 in
2171 732 2244 764 illis
2260 732 2434 765 transmit—

831 784 953 818 tentes,
979 791 1039 822 per
1058 783 1225 820 incendia,
1244 784 1382 824 rapinas
1404 786 1437 817 et
1464 785 1585 825 spolia,
1612 783 1875 825 quampluribus
1895 784 2078 816 crudeliter
2094 784 2321 826 interemptis,
2340 785 2435 826 ipsas

832 836 1026 875 provincias
1043 836 1194 868 lacerant
1206 838 1239 868 et
1256 837 1422 878 affligunt,
1441 838 1483 869 ad
1498 838 1779 870 satisfaciendum
1794 837 1835 869 de
1850 837 1958 869 illatis
1968 837 2104 869 damnis
2119 838 2301 879 compellat
2313 839 2347 870 et
2357 847 2434 871 con-

831 890 885 919 tra
899 897 958 919 eos
973 889 1120 921 viriliter
1132 891 1165 921 et
1187 899 1289 922 manu
1305 892 1435 931 potenti
1451 891 1622 932 procedat.
1640 891 1692 928 (A.
1713 892 1762 927 10,
1782 890 1805 921 f.
1820 891 1881 922 478
1898 890 1928 928 ¹³3
1951 889 1984 923 V.
2000 892 2053 927 67,
2069 899 2121 931 ep.
2138 893 2193 922 171
2211 892 2248 922 de
2261 893 2342 931 cur.)

876 939 987 971 8283.
1005 959 1044 965 -
1061 942 1143 984 May.
1163 942 1324 975 Guillelmo
1341 944 1379 975 de
1394 944 1523 975 Balaeto
1538 949 1566 974 et
1584 943 1700 974 Joanni
1721 942 1849 983 Royerii
1873 944 1914 975 A.
1931 943 1968 974 S.
1985 944 2107 975 nunciis
2122 945 2235 976 mand.
2251 953 2313 985 pro
2335 953 2434 977 exac-

831 995 923 1026 tione
938 996 1068 1027 residui
1082 996 1221 1028 decimae
1236 1006 1296 1037 per
1310 998 1520 1029 Clementem
1536 997 1599 1027 ΡΡ.
1615 998 1646 1028 V
1661 997 1818 1036 personis
1835 997 2079 1029 ecclesiasticis
2094 998 2190 1038 regni
2207 997 2334 1030 Siciliae
2349 998 2435 1030 citra

831 1048 942 1080 farum
957 1051 989 1081 et
1002 1050 1358 1090 circumadjacentium
1373 1051 1521 1090 partium
1538 1059 1581 1081 ex
1596 1050 1702 1081 variis
1718 1050 1832 1081 causis
1845 1050 2025 1090 impositae.
2038 1051 2090 1091 (A.
2110 1052 2159 1089 10,
2176 1050 2201 1082 f.
2211 1053 2273 1083 479
2289 1050 2320 1089 ¹’;
2336 1051 2370 1083 V.
2380 1053 2434 1090 67,

831 1110 884 1142 ep.
902 1104 960 1133 173
975 1102 1011 1133 de
1023 1103 1104 1143 cur.)

875 1153 987 1186 8284.
1007 1175 1046 1179 -
1063 1156 1153 1188 Eisd.
1169 1157 1290 1188 nunciis
1304 1158 1415 1189 mand.
1433 1166 1494 1197 pro
1509 1157 1685 1188 exactione
1703 1156 1833 1187 residui
1846 1156 1986 1189 decimae
2004 1166 2107 1197 quam
2125 1158 2282 1189 nonnulli
2296 1158 2338 1190 de
2350 1166 2434 1201 praef

831 1210 911 1241 latis
926 1210 1007 1242 eccl.
1026 1211 1059 1242 et
1072 1210 1162 1242 clero
1177 1211 1273 1251 regni
1288 1211 1413 1242 Siciliae
1431 1213 1500 1242 tam
1516 1211 1602 1241 citra
1619 1219 1721 1250 quam
1738 1210 1830 1241 ultra
1847 1209 1959 1241 farum
1975 1219 2079 1251 super
2092 1211 2317 1251 proventibus
2333 1221 2358 1243 n
2374 1220 2431 1244 an-

831 1272 952 1295 norum
978 1263 1145 1295 Clementi
1165 1264 1233 1295 PP.
1257 1264 1288 1295 V
1305 1273 1365 1304 pro
1388 1265 1430 1296 R.
1451 1264 1489 1295 E.
1510 1263 1774 1295 necessitatibus
1789 1263 1920 1295 solvere
1941 1265 2182 1303 promiserant,
2208 1264 2380 1306 archiep.o
2400 1266 2435 1297 et
2490 1271 2497 1278 ·

831 1317 920 1348 clero
938 1318 1030 1349 civit.
1049 1326 1088 1348 ac
1105 1318 1286 1357 provinciae
1303 1319 1529 1349 Beneventan.
1556 1326 1623 1348 non
1650 1317 1814 1357 exceptis.
1834 1317 1886 1355 (A.
1914 1318 1963 1355 10,
1984 1317 2007 1348 f.
2030 1319 2092 1349 480
2107 1323 2140 1355 ι;
2169 1317 2204 1349 V.
2225 1320 2277 1354 67,
2295 1327 2348 1360 ep.
2375 1320 2435 1352 174

831 1371 867 1402 de
889 1371 969 1411 cur.)

875 1422 988 1454 8285.
1003 1442 1042 1448 -
1056 1425 1205 1456 Senatori
1221 1430 1249 1455 et
1266 1424 1382 1466 populo
1402 1424 1538 1454 Romano
1553 1424 1667 1455 mand.
1685 1425 1733 1459 ut,
1751 1433 1771 1454 a
1784 1423 1936 1464 quolibet
1953 1424 2198 1464 impedimento
2215 1425 2432 1463 desistentes,

829 1479 1028 1518 permittant
1048 1487 1135 1518 mag.
1152 1478 1376 1510 Guillelmum
1393 1478 1514 1514 Costae,
1529 1479 1696 1508 rectorem
1710 1477 1908 1517 patrimonii
1927 1477 1960 1509 b.
1979 1478 2074 1509 Petri
2092 1478 2128 1509 in
2145 1479 2270 1510 Tuscia
2281 1480 2315 1511 et
2331 1479 2433 1511 comi·

829 1533 921 1563 tatus
937 1532 1097 1566 Sabiniae,
1115 1533 1151 1563 in
1173 1531 1377 1572 quibusdam
1398 1531 1436 1562 E.
1458 1532 1499 1563 R.
1518 1531 1622 1562 terris
1638 1533 1670 1562 et
1690 1531 1775 1562 locis
1786 1531 2060 1571 jurisdictionem
2079 1540 2237 1564 exercere
2253 1534 2287 1564 et
2298 1541 2433 1571 census,

830 1586 864 1616 in
881 1585 1005 1626 quibus
1021 1585 1118 1616 dictae
1133 1585 1213 1616 eccl.
1229 1587 1397 1621 tenentur,
1413 1585 1561 1624 exigere.
1575 1585 1626 1623 (A.
1647 1585 1695 1622 10,
1715 1585 1737 1614 f.
1754 1585 1815 1616 490
1829 1589 1860 1621 ³3
1883 1583 1916 1614 V.
1937 1593 1990 1624 ep.
2007 1586 2066 1616 177
2081 1585 2118 1616 de
2133 1587 2212 1626 cur.)

874 1636 985 1667 8286.
1012 1657 1050 1661 ——
1071 1639 1183 1669 Mand.
1202 1638 1351 1679 praedicto
1372 1638 1484 1668 rectori
1508 1638 1545 1668 ut
1571 1639 1775 1677 potestatem
1799 1639 1833 1669 et
1856 1647 2035 1669 commune
2058 1639 2301 1677 Interamnen„
2319 1639 2434 1680 quiin

829 1693 1001 1724 territorio
1019 1693 1121 1723 castri
1136 1692 1309 1726 Mirandae‚
1327 1692 1368 1722 ad
1384 1692 1425 1723 R.
1444 1691 1483 1722 E.
1499 1691 1600 1731 pleno
1613 1691 1690 1731 Jure
1707 1691 1844 1731 pertin„
1861 1693 2011 1723 castrum
2033 1700 2093 1723 seu
2110 1692 2313 1724 fortalitium
2332 1701 2432 1724 cons-

829 1747 897 1777 trui
913 1746 1072 1783 fecerant,
1088 1746 1263 1776 Tudertin.
1280 1747 1312 1776 et
1324 1745 1458 1776 Reatin.
1474 1745 1757 1776 communitatum
1774 1745 1926 1784 potentia
1943 1747 1976 1776 et
1991 1745 2122 1777 auxilio
2137 1746 2280 1783 suffulti,
2294 1747 2434 1787 propter

829 1800 917 1839 quod
932 1799 964 1829 b.
984 1808 1028 1829 m.
1047 1799 1196 1829 Arnaldo
1215 1807 1291 1837 ep.o
1307 1798 1465 1830 Sabinen.
1488 1798 1521 1829 S.
1539 1799 1581 1829 A.
1597 1798 1708 1838 legato
1727 1798 1768 1828 de
1785 1798 1943 1829 mandato
1959 1798 2147 1830 Clementis
2167 1799 2234 1830 ΡΡ.
2253 1800 2284 1831 V
2299 1808 2433 1831 excom·

829 1853 991 1883 municati
1015 1852 1160 1889 fuerant,
1181 1852 1222 1882 ad
1248 1851 1504 1882 demolitionem
1524 1851 1606 1882 dicti
1625 1851 1781 1882 fortalitii
1808 1851 1938 1890 potenti
1965 1860 2068 1882 manu
2092 1852 2285 1892 compellat.
2303 1853 2356 1893 (A.
2382 1854 2431 1889 10,

830 1906 852 1936 f.
876 1907 936 1937 479
953 1911 981 1941 ³3
1001 1905 1037 1936 V.
1053 1907 1104 1942 67,
1121 1914 1172 1944 ep.
1192 1906 1249 1936 172
1263 1904 1299 1934 de
1316 1907 1396 1943 cur.)

873 1956 982 1987 8287.
1005 1977 1040 1981 -
1057 1959 1223 1989 Hortatur
1237 1963 1430 1998 potestatem,
1450 1957 1610 1988 consilium
1626 1963 1654 1988 et
1672 1967 1828 1988 commune
1846 1957 2054 1988 Interamnen.
2068 1959 2105 1989 ut
2127 1960 2277 1990 castrum
2291 1968 2352 1991 seu
2367 1959 2434 1991 for·

828 2013 977 2045 talitium
994 2021 1055 2052 per
1071 2021 1129 2043 eos
1156 2012 1245 2042 infra
1266 2012 1478 2043 territorium
1502 2012 1606 2042 castri
1626 2011 1789 2042 Mirandae
1810 2013 2042 2043 constructum
2065 2011 2190 2044 faciant
2204 2011 2332 2053 absque
2349 2013 2432 2044 dila-

827 2067 919 2097 tione
939 2066 1106 2097 demoliri.
1125 2066 1179 2106 (A.
1202 2067 1249 2100 10,
1269 2065 1291 2095 f.
1308 2067 1369 2097 490
1384 2065 1413 2102 b;
1436 2065 1472 2096 V.
1488 2067 1539 2102 67,
1557 2073 1609 2104 ep.
1627 2066 1686 2096 178
1702 2064 1738 2095 de
1754 2064 1833 2104 car.)

874 2117 983 2148 8288.
998 2138 1033 2142 -
1047 2119 1212 2150 Guillelmo
1227 2119 1335 2156 Coscae,
1348 2119 1534 2159 patrimonii
1544 2119 1572 2149 b.
1584 2118 1671 2148 Petri
1682 2118 1715 2148 in
1731 2118 1840 2148 Tuscia
1851 2118 1976 2156 rectori,
1987 2119 2102 2150 mand.
2116 2120 2162 2156 ut,
2175 2119 2432 2152 subhastatione

828 2173 1016 2212 praemissa,
1035 2173 1122 2203 locet
1142 2173 1307 2212 quasdam
1322 2173 1453 2209 domos,
1475 2172 1593 2203 vineas
1609 2173 1642 2202 et
1661 2171 1746 2202 alias
1765 2172 2002 2211 possessiones
2025 2172 2059 2203 in
2077 2173 2189 2203 castro
2209 2174 2243 2204 et
2258 2172 2431 2205 territorio

827 2227 953 2257 Montis
975 2226 1165 2265 Flasconis,
1191 2226 1435 2265 Balneoregen.
1458 2226 1518 2263 di„
1536 2225 1740 2257 constitutas
1757 2227 1790 2256 et
1807 2225 1849 2256 ad
1865 2226 1905 2257 R.
1928 2226 1968 2256 E.
1993 2225 2117 2265 pertin.
2143 2225 2196 2266 (A.
2217 2227 2267 2263 10,
2285 2226 2309 2257 f.
2326 2227 2387 2258 508
2400 2231 2431 2264 ⁸;

833 2280 869 2311 V.
885 2281 936 2315 67,
952 2288 1003 2319 ep.
1023 2281 1081 2310 182
1095 2279 1132 2309 de
1145 2278 1226 2318 cur.)
1604 2307 1611 2319 ⁵

873 2330 983 2361 8289.
1002 2351 1040 2355 —-
1058 2332 1264 2364 Constitutio
1278 2341 1380 2371 super
1398 2333 1561 2363 electione
1579 2334 1612 2363 et
1631 2332 1886 2363 confirmatione
1901 2333 2110 2372 potestatum
2127 2333 2161 2363 et
2176 2332 2432 2372 capitaneorum

829 2387 1003 2418 civitatum
1019 2385 1109 2416 infra
1123 2386 1367 2425 patrimonium
1380 2385 1413 2417 b.
1430 2386 1524 2417 Petri
1538 2386 1573 2416 in
1589 2385 1726 2421 Tuscia,
1743 2385 1943 2416 comitatum
1961 2385 2094 2417 Sabinae
2114 2387 2148 2417 et
2166 2386 2292 2417 terram
2307 2385 2433 2418 Arnul-

828 2440 973 2480 phorum
988 2439 1261 2477 constitutorum,
1284 2441 1317 2470 et
1338 2440 1376 2470 Ε.
1394 2439 1436 2470 R.
1453 2439 1684 2479 subJectorum
1705 2449 1721 2469 «
1745 2438 1895 2469 Ecclesiae
1911 2438 2066 2469 Romanae.
2094 2448 2110 2469 »
2127 2438 2182 2479 (A.
2208 2440 2257 2477 10,
2274 2439 2298 2470 f.
2320 2440 2381 2472 5⁰8
2397 2438 2431 2476 ¹²3

834 2494 870 2526 V.
887 2495 938 2530 67,
957 2501 1009 2532 ep.
1029 2494 1087 2524 187
1103 2493 1132 2523 A
1150 2492 1186 2522 de
1204 2503 1267 2522 cur.
1278 2503 1288 2529 ;
1310 2491 1334 2523 C
1337 2502 1428 2532 orpus
1435 2493 1520 2533 juris
1537 2493 1691 2530 canonici,
1711 2492 1885 2532 Extravaq.
1900 2493 2014 2524 Joann.
2034 2491 2138 2529 XXII,
2156 2492 2206 2524 tit.
2223 2492 2282 2531 II.)

873 2544 983 2575 8290.
1002 2564 1042 2569 -
1059 2546 1181 2576 Rectori
1199 2546 1385 2586 patrimonii
1404 2546 1432 2578 b.
1452 2546 1540 2576 Petri
1554 2546 1587 2576 in
1609 2546 1718 2576 Tuscia
1736 2546 1881 2577 facultas
1898 2546 2094 2586 inquirendi
2108 2547 2226 2577 contra
2240 2545 2432 2578 ecclesiast.

828 2600 988 2641 praelatos
1006 2599 1096 2630 infra
1110 2599 1238 2630 dictum
1250 2599 1495 2639 patrimonium
1510 2599 1714 2631 constitutos
1729 2607 1832 2639 super
1846 2598 2027 2639 quibusvis
2037 2598 2238 2631 excessibus
2246 2608 2256 2637 ;
2271 2607 2349 2631 cum
2362 2607 2432 2632 non

828 2653 1016 2685 habeantur
1030 2653 1284 2692 metropolitani
1303 2653 1339 2684 in
1357 2652 1511 2692 partibus
1528 2653 1615 2693 ipsis
1635 2653 1694 2693 qui
1711 2661 1875 2684 excessus
1890 2653 2060 2693 corrigant
2076 2652 2286 2684 eorumdem.
2307 2653 2360 2692 (A.
2378 2653 2431 2693 10,

829 2707 853 2739 f.
872 2708 931 2739 508
945 2706 975 2744 b;
997 2706 1033 2738 V.
1051 2708 1102 2744 67,
1119 2714 1172 2745 ep.
1191 2706 1249 2736 187
1262 2707 1289 2737 Β
1303 2706 1340 2737 de
1353 2708 1433 2745 cur.)

875 2758 987 2790 8291.
1004 2778 1043 2782 -
1057 2759 1134 2790 Eid.
1151 2760 1303 2799 potestas
1324 2768 1487 2791 concessa
1507 2760 1549 2791 ad
1568 2760 1720 2791 launum
1738 2759 1926 2799 recipiendi
1948 2758 2194 2799 appellationes
2209 2759 2432 2799 interpositas

829 2823 849 2846 a
863 2814 1008 2846 decretis
1022 2814 1055 2845 et
1078 2813 1259 2844 sententiis
1280 2813 1531 2844 ordinariorum
1552 2822 1613 2853 per
1632 2813 1827 2853 provincias
1842 2812 1911 2853 ipsi
1929 2813 2131 2844 commissas
2153 2812 2429 2850 constitutorum,

828 2876 906 2899 cum
921 2867 1027 2898 alium
1042 2875 1110 2898 non
1124 2866 1270 2898 habeant
1284 2867 1597 2907 metropolitanum.
1615 2867 1666 2905 (A.
1687 2868 1736 2903 10,
1754 2866 1778 2897 f.
1795 2867 1856 2898 509
1872 2871 1904 2902 ²³3
1929 2866 1965 2897 V.
1983 2867 2034 2904 67,
2051 2874 2104 2906 ep.
2120 2866 2179 2896 187
2195 2865 2232 2896 de
2249 2865 2331 2906 cur.)

873 2918 984 2950 8292.
1001 2938 1039 2944 -
1056 2919 1133 2951 Eid.
1150 2920 1252 2951 facul.
1280 2920 1321 2950 ad
1343 2929 1469 2951 annum
1485 2920 1690 2960 procedendi
1703 2921 1820 2951 contra
1833 2919 1976 2951 clericos
1993 2921 2026 2951 et
2042 2927 2101 2951 eos
2118 2919 2159 2950 de
2185 2919 2322 2950 delictis
2338 2927 2432 2951 com-

828 2974 947 3006 missis
965 2974 1127 3014 puniendi
1136 2982 1146 3010 3
1163 2982 1239 3004 cum
1248 2973 1379 3013 praelati
1395 2973 1549 3013 ipsorum
1565 2982 1728 3005 excessus
1745 2973 1940 3013 relinquant
1948 2972 2147 3012 impunitos.
2157 2973 2212 3013 (A.
2230 2973 2278 3010 10,
2288 2972 2312 3003 f.
2328 2972 2428 3011 509·;

834 3027 869 3058 V.
885 3030 936 3065 67,
952 3036 1005 3068 ep.
1024 3028 1082 3059 188
1099 3026 1137 3058 de
1151 3027 1231 3066 cur.)
