2592 3562
343 326 404 362 270

374 416 475 442 Datum
498 408 682 443 Avenione.

357 517 376 542 8
396 517 438 550 (vi
454 515 587 549 id.)aua.
609 513 697 542 1318.

490 676 523 703 Ut
539 684 562 702 8.

359 730 396 757 12
410 730 444 764 (11
460 729 512 762 id.)
526 737 593 763 aug.
610 727 698 756 1318.

414 995 451 1023 17
466 1003 532 1029 auq.
551 994 640 1022 1318.

401 1043 465 1073 (xvi
486 1040 544 1066 kal.
566 1040 653 1073 sept.)

487 1313 522 1340 Ut
539 1321 563 1339 s.

487 1473 522 1500 Ut
539 1482 561 1500 S.

486 1633 521 1660 Ut
541 1641 564 1660 s.

484 1793 520 1820 Ut
541 1801 564 1820 s.

479 2006 516 2033 Ut
539 2014 562 2033 s.

482 2112 517 2139 Ut
537 2121 559 2139 s.

407 2324 444 2351 18
461 2332 527 2358 aug.
548 2324 635 2352 1318.

406 2367 459 2403 (xv
471 2368 529 2395 kal.
548 2369 634 2403 sept.)

404 2536 444 2564 28
459 2545 525 2571 auo.
545 2537 633 2565 1318.

413 2585 443 2616 (v
459 2582 516 2609 kal.
542 2583 628 2617 sept.)

337 2800 355 2827 4
372 2801 406 2837 (11
428 2802 508 2838 non.)
524 2806 594 2838 sept.
616 2803 704 2831 1318.

757 320 932 353 JOANNIS
955 320 1075 352 PAPAE
1095 319 1198 352 XXII.
1222 322 1471 360 (ww-1334).
1493 338 1533 344 —
1555 320 1742 351 LITTERAE
1764 321 1816 352 DE
1838 320 1962 352 CURIA

811 507 922 540 8338.
938 528 976 535 -
994 510 1161 551 ΑνοΙιίερ.ο
1175 510 1391 541 Panormitan.
1410 514 1440 539 et
1453 518 1533 549 may.
1550 507 1713 540 Guillelmo
1724 508 1858 549 pmfato
1872 508 1986 539 mand.
2000 509 2040 540 ut
2051 508 2263 549 archiep-um
2277 509 2372 542 uon-

765 564 939 605 tisreg'alis
965 564 1007 595 ad
1033 563 1240 595 solutionem
1265 563 1461 603 praedictam
1488 561 1706 601 compellant.
1727 561 1778 598 (A.
1806 563 1856 598 11,
1881 560 1904 591 f.
1920 562 1982 593 527
2001 560 2032 598 ”3
2062 560 2098 592 V.
2111 562 2164 599 oe,
2182 570 2236 603 ep.
2254 564 2314 595 ΞΠ
2333 563 2372 595 de

766 617 878 656 curia.)

809 667 920 700 8337.
939 687 978 692 —
991 670 1081 700 Eisd.
1097 670 1209 700 mand.
1227 669 1317 699 idem
1333 670 1370 698 ut
1385 676 1428 704 s.,
1446 676 1480 698 n.
1497 668 1588 698 8329.
1605 667 1660 706 (A.
1679 669 1729 703 11,
1748 666 1770 697 f.
1786 667 1847 698 528
1861 671 1891 704 ⁸3
1913 666 1946 698 V.
1963 669 2016 705 69,
2031 676 2086 708 ep.
2100 669 2162 700 208
2175 667 2213 700 de
2228 669 2311 710 cur.)

809 720 920 752 8338.
939 741 976 746 ——
991 723 1104 755 Mand.
1122 721 1281 762 art-hiena
1299 718 1539 760 Compostellan.
1565 724 1594 749 ee
1611 728 1680 759 «μυ
1702 717 1876 750 Corduben.
1895 722 1931 752 ut
1946 720 1989 752 ad
2003 721 2223 761 praesentiam
2242 722 2370 760 Mariae,

765 777 889 816 reginae
905 775 1074 812 Castellae,
1089 777 1122 806 et
1137 783 1168 805 n.
1187 783 1217 804 v.
1235 773 1338 808 Petri,
1356 772 1399 804 cl.
1418 781 1484 803 me.
1503 772 1616 803 Sancii
1634 772 1725 812 regis
1739 772 1896 804 Castellae
1910 773 1986 811 filii,
2004 774 2215 811 accedentes,
2232 775 2371 807 eosdem

765 830 806 860 ad
827 829 1077 861 restitutionem
1103 827 1270 858 bonorum
1291 826 1363 857 ord.
1389 825 1516 865 quond.
1538 825 1671 856 militiae
1696 825 1831 866 Templi
1857 834 1918 866 per
1943 835 2002 858 eos
2027 826 2244 860 detentorum
2260 829 2294 860 et
2310 836 2371 869 per

765 882 975 914 Clementem
990 882 1055 912 ΡΡ.
1071 881 1102 911 V
1115 879 1333 919 dispositioni
1346 878 1380 910 S.
1399 880 1439 909 A.
1458 879 1723 915 reservatorum,
1741 879 1962 911 suasionibus
1979 879 2176 912 efficacibus
2193 881 2367 913 inducant.

765 936 818 976 (A.
832 937 883 972 10,
902 935 924 965 f.
941 936 1000 966 501
1017 939 1048 970 ¹²;
1070 932 1103 964 V.
1121 935 1172 969 67,
1195 941 1248 972 op.
1269 933 1327 963 180
1343 931 1381 962 de
1395 933 1475 971 cur.)

809 985 919 1016 8339.
938 1005 977 1010 —
993 987 1076 1027 May.
1093 984 1276 1026 Raymundo
1291 984 1444 1022 Ebrardi,
1467 984 1584 1015 decano
1611 983 1822 1022 Colimbrien..
1840 989 1869 1015 et
1887 985 2069 1026 Raymundo
2087 986 2124 1017 de
2136 986 2240 1018 Monte
2262 986 2370 1024 Remo,

764 1041 883 1071 archid.
913 1040 950 1070 de
972 1039 1096 1070 Xacivae
1122 1038 1290 1077 Valentin„
1317 1048 1354 1069 ac
1378 1037 1561 1079 Raymundo
1591 1037 1628 1069 de
1655 1037 1766 1075 Serra,
1793 1039 1906 1069 rectori
1931 1038 1968 1070 de
1994 1039 2169 1081 Μανῃηήἱί,
2194 1040 2369 1072 Eumenen.

765 1093 820 1131 di„
838 1093 924 1129 eccl„
948 1093 1061 1124 mand.
1078 1093 1116 1123 ut
1137 1092 1275 1132 exigant
1290 1093 1449 1132 computa
1471 1091 1680 1123 decimarum
1697 1091 1929 1128 collectarum,
1953 1094 1987 1124 et
2007 1093 2170 1134 colligant
2193 1094 2371 1126 residuum

765 1156 832 1178 non
849 1146 956 1178 adhuc
971 1146 1122 1177 solutum
1143 1146 1339 1177 earumdem
1355 1145 1566 1176 decimarum
1582 1153 1642 1185 per
1666 1145 1877 1177 Clementem
1894 1146 1962 1178 ΡΡ.
1979 1147 2010 1178 V
2025 1146 2068 1178 cl.
2092 1155 2158 1179 me.
2177 1147 2370 1187 Fernando,

765 1201 835 1240 regi
852 1199 1020 1236 Castellae,
1038 1199 1213 1239 negotium
1229 1199 1467 1238 acquisitionis
1483 1198 1578 1239 regni
1594 1199 1751 1230 Granatae
1765 1199 1966 1237 assumenti,
1985 1208 2236 1239 concessarum.
2251 1201 2305 1240 (A.
2317 1202 2369 1238 10,

766 1253 789 1284 f.
804 1254 862 1285 507
882 1258 910 1290 ὃς
934 1253 970 1283 V.
993 1254 1045 1287 67,
1063 1261 1116 1293 ep.
1135 1253 1193 1284 186
1209 1252 1246 1283 de
1262 1253 1344 1292 cur.)

809 1303 920 1335 8340.
938 1325 976 1329 -
992 1306 1149 1337 Potestas
1165 1306 1279 1336 rectori
1295 1305 1439 1336 Marchiae
1460 1305 1650 1336 Anconitan.
1674 1314 1836 1337 concessa
1856 1306 2044 1346 recipiendi
2065 1308 2099 1339 et
2116 1307 2300 1339 definiendi
2315 1317 2372 1349 ap-

765 1360 967 1399 pellationes
981 1368 1001 1390 a
1015 1359 1196 1390 sententiis
1209 1359 1461 1390 ordinariorum
1477 1367 1538 1398 per
1557 1359 1676 1390 fideles
1691 1359 1844 1399 eJusdem
1863 1359 2019 1391 Marchiae
2039 1360 2272 1400 interpositas,
2293 1370 2370 1393 cum

765 1413 1066 1452 metropolitanum
1081 1421 1148 1443 non
1164 1412 1319 1444 habeant.
1333 1412 1385 1453 (A.
1405 1413 1453 1450 10,
1473 1412 1495 1444 f.
1515 1414 1572 1444 511
1594 1412 1625 1448 b;
1649 1411 1682 1444 V.
1701 1413 1753 1449 67,
1773 1421 1825 1452 ep.
1846 1414 1903 1445 193
1919 1412 1956 1443 de
1975 1415 2054 1452 cur.)

810 1463 904 1494 8341
912 1487 920 1494 .
934 1483 970 1488 -
981 1466 1139 1497 Potestas
1152 1466 1307 1496 mooedicto
1319 1466 1432 1496 rectori
1442 1474 1604 1497 concessa
1614 1466 1841 1506 compellendi
1853 1467 2058 1504 ordinarios,
2069 1466 2199 1499 clerum
2209 1467 2371 1500 Marchiae

764 1519 968 1550 Anconitan.
994 1521 1026 1550 et
1045 1519 1192 1550 aliarum
1212 1521 1395 1557 terrarum,
1419 1528 1566 1559 quarum
1585 1521 1696 1551 rector
1710 1519 1840 1557 existit,
1867 1520 1909 1551 ad
1930 1519 2162 1551 observandas
2181 1521 2371 1553 sententias

765 1581 825 1611 per
841 1573 969 1603 dictum
993 1574 1157 1604 rectorem
1173 1573 1208 1603 in
1223 1582 1341 1604 eorum
1360 1572 1516 1604 subditos
1530 1572 1629 1604 latas.
1647 1573 1700 1611 (A.
1720 1574 1770 1609 10,
1790 1573 1813 1604 f.
1834 1575 1892 1605 511
1906 1573 1936 1611 ι);
1961 1573 1994 1605 V.
2009 1575 2061 1611 67,
2083 1582 2136 1613 ep.
2157 1575 2216 1606 194
2229 1573 2266 1605 de
2289 1575 2369 1614 cur.)

810 1622 920 1654 8342.
942 1644 979 1649 —
996 1625 1071 1656 Eid.
1090 1626 1204 1657 mand.
1222 1628 1258 1657 ut
1276 1626 1318 1657 ab
1336 1635 1467 1657 excom.
1485 1626 1653 1657 sententia
1668 1626 1824 1657 absolvat
1847 1626 2030 1658 nonnullos
2045 1628 2114 1658 tam
2130 1627 2248 1668 laycos
2265 1636 2368 1668 quam

766 1679 858 1714 olen,
876 1679 934 1719 qui
951 1679 1044 1719 ligna
1063 1679 1254 1710 inciderant
1271 1679 1306 1710 in
1322 1688 1461 1710 nemore
1477 1679 1599 1711 Massae
1614 1679 1787 1711 Trabariae
1801 1680 1843 1711 ad
1861 1680 1960 1712 Rom.
1979 1680 2060 1711 eccl.
2079 1681 2218 1720 pertin„
2234 1689 2369 1721 compe-

765 1733 849 1763 tenti
866 1732 1098 1763 satisfactione
1113 1733 1302 1771 praemissa.
1320 1733 1372 1772 (A.
1393 1734 1442 1769 10,
1457 1732 1480 1763 f.
1498 1734 1559 1764 512
1573 1732 1605 1770 ὓς
1629 1732 1661 1763 V.
1681 1734 1731 1770 67,
1749 1742 1802 1773 ep.
1822 1735 1879 1765 196
1895 1733 1932 1763 de
1946 1734 2026 1772 cur.)

809 1782 919 1814 3343.
940 1803 976 1807 —
993 1785 1069 1815 Eid.
1087 1787 1238 1825 potestas
1257 1786 1457 1825 quorumvis
1473 1786 1544 1817 ord.
1569 1786 1694 1817 fratres
1718 1786 1760 1817 ad
1781 1786 2012 1818 observandas
2032 1787 2220 1820 sententias
2235 1796 2368 1819 excom.

765 1840 797 1869 et
813 1839 998 1874 interdicti,
1015 1847 1076 1878 per
1092 1839 1206 1878 ipsum
1227 1840 1262 1869 in
1282 1847 1341 1870 eos
1357 1839 1456 1876 latas,
1481 1839 1726 1879 compellendi;
1746 1849 1822 1871 cum
1839 1848 1910 1876 eas,
1930 1840 2082 1871 dicentes
2099 1849 2136 1872 se
2156 1841 2199 1871 ad
2214 1841 2368 1880 ipsarum

764 1891 1036 1923 observationem
1054 1892 1269 1932 aliquatenus
1284 1901 1351 1923 non
1366 1893 1486 1929 teneri,
1502 1892 1682 1924 observare
1696 1894 1946 1933 contempnent.
1959 1893 2014 1936 (A.
2033 1895 2083 1930 10,
2099 1893 2124 1924 f.
2135 1895 2196 1925 512
2213 1893 2244 1930 ὓς
2266 1894 2303 1925 V.
2316 1895 2368 1930 67,

764 1954 816 1984 ep.
833 1947 890 1977 197
904 1945 940 1975 de
958 1946 1036 1986 cur.)

808 1996 920 2028 8344.
941 2018 976 2022 --
992 1998 1069 2028 Eid.
1094 2000 1245 2038 potestas
1261 1999 1468 2039 inquirendi,
1486 2000 1522 2030 in
1538 1999 1672 2031 defectu
1691 2000 1922 2039 praelatorum,
1941 2001 2059 2031 contra
2075 2000 2155 2032 cler.
2175 2009 2279 2040 super
2295 2001 2369 2041 qui-

764 2052 882 2083 busvis
897 2052 1108 2083 excessibus.
1128 2053 1179 2091 (A.
1199 2054 1246 2090 10,
1265 2053 1288 2083 f.
1306 2055 1366 2084 512
1380 2053 1411 2090 ι);
1434 2053 1470 2084 V.
1489 2055 1541 2090 67,
1556 2061 1609 2093 ep.
1627 2054 1686 2084 198
1701 2052 1737 2083 de
1748 2053 1827 2092 cur.)

808 2102 919 2134 8345.
935 2124 973 2128 -
988 2105 1099 2135 Eidem
1116 2108 1268 2145 potestas
1283 2107 1410 2137 citandi
1426 2106 1560 2138 nobiles
1578 2108 1610 2137 et
1625 2107 1711 2137 alias
1724 2115 1889 2146 personas
1904 2108 1937 2138 et
1952 2107 2214 2139 communitates
2227 2108 2371 2147 praeten-

763 2159 880 2190 dentes
902 2159 962 2190 illo
979 2159 1019 2190 A.
1036 2159 1069 2190 S.
1087 2159 1266 2199 privilegio
1284 2160 1354 2191 fore
1370 2160 1521 2191 munitas
1537 2160 1585 2191 ita
1603 2162 1641 2191 ut
1658 2161 1756 2191 extra
1770 2169 1888 2192 earum
1906 2160 2062 2191 civitates
2079 2162 2113 2191 et
2129 2160 2176 2191 di.
2192 2160 2282 2192 trahi
2299 2169 2368 2193 non

763 2212 909 2250 possint,
934 2214 965 2243 et
985 2212 1061 2243 ideo
1079 2221 1176 2243 suam
1194 2213 1468 2252 jurisdictionem
1485 2215 1518 2244 et
1539 2213 1653 2244 forum
1671 2215 1834 2245 conantur
1859 2213 2041 2245 declinare.
2059 2213 2112 2252 (A.
2139 2214 2187 2252 10,
2214 2214 2238 2244 f.
2257 2215 2318 2246 513
2336 2219 2368 2252 ⁸;

770 2265 801 2294 V.
815 2267 866 2302 67,
883 2274 935 2305 ep.
954 2267 1012 2296 199
1028 2265 1063 2295 de
1078 2265 1158 2304 cur.)

807 2315 916 2346 8346.
932 2336 971 2340 —
985 2318 1061 2348 Eid.
1079 2319 1189 2349 mand.
1210 2321 1246 2349 ut
1262 2319 1445 2350 nonnullos
1461 2320 1594 2351 nobiles
1611 2321 1643 2351 et
1660 2321 1816 2360 potentes
1830 2320 1900 2360 qui.
1917 2320 2110 2359 provincias
2127 2320 2194 2360 ipsi
2213 2321 2367 2353 decretas

763 2373 893 2402 armata
910 2373 942 2402 et
957 2372 1086 2411 potenti
1103 2381 1205 2403 manu
1221 2373 1463 2412 ingredientes,
1481 2373 1618 2404 easdem
1635 2382 1693 2412 per
1715 2373 1871 2404 incendia
1889 2375 1920 2405 et
1936 2373 2074 2413 rapinas
2091 2374 2264 2405 interdum
2280 2374 2368 2406 lace-

763 2426 850 2461 rant,
868 2425 910 2455 ad
932 2425 1211 2456 satisfaciendum
1235 2426 1275 2456 de
1291 2426 1399 2457 illatis
1416 2427 1551 2457 damnis
1575 2435 1678 2458 manu
1694 2427 1826 2466 potenti
1851 2427 2055 2466 compescat.
2075 2426 2125 2467 (A.
2144 2428 2193 2462 10,
2216 2427 2240 2458 f.
2258 2428 2320 2459 512
2335 2432 2367 2464 ⁸;

767 2478 803 2508 V.
819 2480 870 2514 67,
889 2486 941 2517 ep.
957 2479 1015 2509 195
1030 2477 1067 2508 de
1082 2478 1161 2517 cur.)

807 2528 917 2560 8347.
937 2549 974 2554 —
988 2531 1219 2562 Visitantibus
1243 2532 1427 2571 imaginem
1450 2532 1637 2563 Salvatoris
1664 2533 1700 2563 in
1725 2532 1873 2564 Basilica
1898 2533 1940 2563 ad
1964 2533 2087 2564 Sancta
2108 2533 2310 2565 Sanctorum
2325 2533 2367 2565 de

762 2584 865 2621 Urbe,
883 2593 985 2624 quam
1002 2584 1168 2615 divinitus
1190 2584 1298 2616 fuisse
1320 2585 1489 2624 depictam
1508 2586 1563 2625 pie
1579 2586 1729 2617 creditur
1751 2595 1770 2616 a
1792 2586 1923 2624 multis,
1942 2587 1976 2618 et
1999 2595 2102 2626 quam
2121 2586 2215 2618 velut
2231 2587 2367 2619 coeleste

761 2638 907 2668 carisma
933 2638 1108 2669 Romanus
1123 2638 1270 2676 populus
1292 2641 1483 2676 veneratur,
1509 2639 1704 2670 conceditur
1728 2639 1857 2680 indulg.
1876 2650 1898 2670 11
1923 2639 1958 2671 in
1979 2640 2034 2671 die
2053 2648 2121 2679 qua
2141 2639 2237 2671 locus
2257 2640 2366 2680 eJusd.

761 2691 921 2730 imaginis
935 2691 1097 2731 aperitur,
1116 2700 1152 2720 111
1169 2691 1204 2722 in
1220 2691 1410 2730 portatione
1427 2691 1549 2731 ejusd„
1570 2702 1578 2722 1
1598 2701 1764 2723 annorum
1782 2693 1818 2723 in
1836 2692 1916 2724 aliis
1931 2692 2052 2724 diebus
2068 2692 2193 2733 quibus
2208 2693 2300 2724 idem
2315 2693 2366 2725 lo-

761 2752 820 2774 cus
841 2746 980 2783 apertus
997 2744 1143 2775 steterit.
1161 2744 1216 2784 (A.
1233 2745 1283 2781 10,
1297 2744 1320 2774 f.
1336 2747 1396 2776 497
1413 2750 1442 2782 ἃς
1465 2745 1500 2776 V.
1518 2747 1570 2782 67,
1587 2754 1640 2785 ep.
1654 2737 1714 2777 ‘191
1732 2745 1768 2776 de
1783 2746 1865 2786 cur.)

805 2794 916 2827 8348.
930 2813 967 2820 —
977 2797 1159 2828 Atrebatem.
1174 2802 1202 2827 et
1218 2797 1388 2830 Bononz'en.
1401 2799 1481 2839 epa's
1495 2803 1524 2829 et
1534 2799 1699 2839 Aymerico
1714 2799 1750 2830 de
1761 2798 1961 2834 Castrolucii,
1973 2798 2091 2829 archid.
2106 2798 2365 2839 Transviqenncn.

759 2850 792 2879 in
803 2850 876 2882 eccl.
898 2850 1026 2888 Turon„
1043 2850 1084 2882 A.
1099 2850 1135 2881 S.
1152 2851 1286 2888 nunciis,
1305 2851 1418 2883 mand.
1432 2853 1469 2883 ut
1482 2854 1617 2884 cassent
1632 2852 1937 2889 confederationes,
1946 2852 2033 2892 ligas
2048 2853 2081 2884 et
2094 2853 2364 2892 conspirationes

761 2903 879 2934 illicite
897 2905 930 2935 et
949 2905 1066 2935 contra
1085 2903 1212 2935 bonum
1228 2904 1323 2944 pacis
1345 2905 1452 2936 factas
1468 2914 1530 2945 per
1546 2905 1733 2937 Forlivien.
1751 2907 1784 2937 et
1799 2905 2064 2945 Foropopulien.
2088 2906 2362 2941 communitates,

759 2957 792 2987 et
809 2956 986 2988 Ordellaffi
1008 2957 1049 2988 de
1070 2957 1234 2994 Forlivio,
1255 2966 1322 2988 una
1337 2966 1414 2988 cum
1438 2959 1614 2990 nonnullis
1628 2959 1785 2997 Imolen.,
1810 2959 1987 2990 Faventin.
2006 2959 2039 2990 et
2056 2958 2266 2991 Caesenaten.
2282 2958 2364 2990 civi-

758 3008 823 3040 bus
847 3010 887 3040 de
904 3010 1079 3049 provincia
1094 3010 1342 3047 Romandiolae,
1366 3011 1406 3042 E.
1425 3012 1467 3043 R.
1489 3011 1654 3052 subjecta,
1681 3012 1859 3044 demeritis
1876 3012 2030 3052 ipsorum
2055 3011 2273 3052 exigentibus
2295 3011 2383 3044 for-⁷
