2592 3562
248 424 350 449 natum
374 416 557 450 Avenione.

292 523 333 551 23
345 523 404 557 jul.
425 521 514 549 1319.

300 569 331 603 (x
346 567 406 595 kal.
422 567 503 601 aug.)

320 734 401 761 Anno
422 733 480 760 111⁰.

286 779 317 812 [5
333 781 402 814 sept.
420 776 516 805 1318-

272 822 312 850 23
330 822 383 855 iul.
406 821 529 855 ‘319¹.]

292 1052 331 1080 23
343 1052 401 1087 Jul.
422 1052 510 1080 1319.

298 1100 327 1132 (x
344 1098 403 1125 kal.
425 1097 506 1133 aug.)

289 1318 331 1346 25
344 1319 402 1354 jul.
424 1318 510 1346 1319.

278 1364 345 1399 (νιιι
365 1363 424 1391 kal.
440 1364 522 1399 aug.)

360 1531 395 1559 Ut
415 1540 438 1559 S.

361 1638 396 1666 Ut
412 1646 436 1665 s.

362 1798 396 1826 Ut
412 1806 435 1825 s.

360 2011 395 2038 Ul
414 2020 438 2039 s.

361 2171 394 2199 Ut
414 2180 437 2199 s,

289 2383 329 2412 30
342 2383 400 2418 Jul.
422 2383 509 2412 1319.

290 2432 337 2462 (ιιι
354 2428 412 2456 kal.
426 2429 507 2465 aug.)

248 2652 261 2677 1
279 2650 365 2685 (kal.)
383 2658 450 2685 auq.
466 2650 554 2678 1319.

223 2756 242 2783 2
255 2762 298 2791 (ιν
311 2757 393 2789 non.)
406 2765 473 2791 aue.
491 2756 576 2784 1319.

629 327 803 360 JOANNIS
827 326 945 357 PAPAE
967 325 1069 356 xxu.
1094 326 1332 366 (1316—1334)
1354 343 1392 348 -
1419 325 1606 356 LITTERAE
1629 327 1680 357 DE
1702 328 1826 359 CURIA
2183 334 2245 364 451

691 514 825 545 10202.
843 533 883 538 -
898 515 1024 555 Huqom·
1035 515 1072 545 de
1087 514 1250 545 Mirabello
1266 519 1294 544 et
1309 514 1440 545 Geraldo
1458 514 1610 555 Danqlars
1621 515 1655 545 in
1667 516 1890 548 Terraconen.
1903 520 1935 549 et
1948 519 2244 560 Caesaraugustan.

643 570 830 610 provinciis
847 571 886 600 A.
903 569 936 600 S.
954 568 1089 599 nunciis
1106 568 1218 599 mand.
1235 569 1272 598 ut
1291 567 1464 607 inquirant
1480 570 1512 598 et
1527 568 1675 599 referant
1691 577 1733 599 an
1751 569 1872 600 Petrus
1885 571 2042 603 Molnerii
2062 574 2241 607 archidiac.

643 623 895 663 Rippeccursiae
913 632 941 652 c.
967 631 994 652 c.
1014 622 1049 652 in
1069 621 1150 652 eccl.
1177 621 1324 652 Ilerden.
1342 630 1417 651 cum
1436 621 1568 660 paroch.
1589 622 1669 653 eccl.
1686 623 1726 652 de
1746 623 1862 662 Frage,
1882 623 2028 656 Ilerden.
2049 626 2107 662 di..
2126 630 2242 660 contra

643 677 922 708 constitutionem
940 684 1042 715 super
1058 674 1180 714 plural.
1194 674 1305 705 benef.
1321 674 1476 705 retineat.
1493 676 1544 712 (A.
1562 677 1610 711 11,
1630 675 1651 706 f.
1670 676 1725 706 541
1738 675 1767 710 b3
1791 675 1826 706 V.
1842 677 1892 712 69,
1912 685 1964 716 ep.
1985 679 2043 709 143
2062 679 2098 708 de
2114 681 2194 720 cur.)

689 727 824 758 10203.
842 747 880 752 —
900 728 1072 759 Bererando
1095 728 1144 758 tit.
1162 727 1198 758 S.
1213 727 1356 758 Marcelli
1373 728 1477 767 presb.
1495 728 1579 759 card.
1599 730 1638 759 A.
1657 728 1692 759 S.
1712 728 1823 768 legato.
1840 729 1990 761 Mittitur
2006 732 2168 770 tanquam
2186 743 2245 773 pa—

642 784 692 815 cis
707 784 848 824 angelus
865 783 996 822 legatus
1006 783 1046 813 A.
1059 782 1091 813 S.
1110 781 1151 812 ad
1166 782 1280 821 partes
1297 780 1520 815 Lombardiae‚
1539 782 1670 813 Tusciae
1686 785 1718 812 et
1735 782 1821 813 alias
1834 782 2026 821 provincias
2040 785 2245 823 patriarcha-

641 839 699 868 tus
716 839 749 868 et
775 839 884 868 terras
911 836 1035 871 Italiae;
1054 835 1248 866 conceditur
1273 834 1303 865 ei
1322 835 1431 873 plenae
1450 834 1632 874 legationis
1659 835 1810 866 officium
1831 837 1865 866 et
1884 844 1986 875 super
2002 836 2064 867 hoc
2085 838 2246 871 scribitur

642 890 814 922 universis
839 889 990 929 praelatis
1010 890 1042 920 et
1070 897 1159 928 pers.
1189 887 1366 918 ecclesiast
1405 887 1572 918 dictarum
1594 889 1741 927 partium
1771 891 1803 920 et
1826 889 1998 920 universis
2020 890 2194 922 nobilibus
2214 894 2247 924 et

642 943 946 975 communitatibus
977 942 1122 982 partium
1155 941 1352 972 earumdem
1378 944 1414 971 ut
1442 941 1508 980 ipsi
1534 944 1674 980 pareant
1695 944 1727 973 et
1755 942 1943 974 intendant.
1969 942 2022 981 (V.
2044 945 2093 979 70,
2117 954 2171 984 ep.
2189 947 2248 978 145

643 997 679 1028 de
691 1007 756 1027 cur.
766 1007 773 1032 ;
790 996 911 1028 mezler
927 1017 934 1030 ,
954 994 1197 1027 Vatikanische
1213 994 1338 1030 Akten‚
1355 1003 1387 1024 n.
1407 995 1489 1032 121.)

689 1047 824 1079 10204.
841 1067 880 1073 —
898 1048 1074 1080 Bertrando
1093 1048 1140 1078 tie.
1157 1058 1181 1078 s.
1199 1046 1340 1077 Marcelli
1352 1047 1454 1087 presb.
1474 1047 1571 1084 card„
1591 1048 1630 1078 Α.
1650 1047 1684 1078 S.
1703 1047 1802 1088 leqato
1820 1049 1852 1078 in
1865 1048 2063 1088 Lombarzha,
2087 1059 2179 1082 conc.
2198 1052 2243 1083 fa·

643 1104 752 1135 cultas
766 1102 968 1143 procedendi
982 1103 1099 1133 contra
1111 1101 1288 1133 haereticos
1300 1100 1400 1140 juxta
1414 1101 1676 1132 constitutiones
1689 1101 1869 1133 canonicas
1881 1104 1914 1133 et
1927 1102 2057 1140 civiles,
2071 1106 2103 1135 et
2117 1105 2246 1144 specia-

643 1158 722 1189 liter
738 1156 926 1188 secundum
939 1155 1074 1187 constit.
1092 1164 1112 1186 a
1122 1155 1246 1194 quond.
1259 1154 1440 1186 Frederico
1450 1154 1685 1185 Romanorum
1696 1155 1904 1194 Imperatore
1916 1156 2036 1194 editas,
2047 1157 2127 1188 dum
2139 1159 2247 1190 adhuc

644 1211 679 1242 in
694 1211 788 1242 dictae
801 1210 898 1241 Sedis
914 1209 1023 1249 gratia
1038 1209 1248 1248 persisteret.
1270 1208 1321 1247 (A.
1343 1209 1389 1244 11,
1408 1207 1430 1238 f.
1447 1208 1507 1238 569
1522 1213 1535 1228 ἢ
1544 1217 1553 1244 ;
1576 1207 1611 1238 V.
1630 1209 1680 1244 69,
1700 1217 1751 1247 ep.
1771 1209 1826 1239 201
1845 1208 1881 1239 de
1897 1219 1979 1245 σωκ,
2001 1210 2131 1249 Biezler,
2152 1212 2247 1243 Vati-

644 1263 805 1295 kanische
821 1263 945 1299 Akten‚
969 1271 1002 1293 n.
1022 1261 1108 1302 170.)

690 1314 825 1346 10205.
848 1333 887 1338 -
903 1315 1024 1346 Amelio
1040 1315 1152 1345 rectori
1168 1319 1197 1345 et
1211 1314 1376 1355 Aymerico
1394 1314 1528 1345 thesaur.
1548 1314 1696 1344 Mat-chiae
1713 1314 1900 1348 Anconitan.
1921 1317 2036 1347 mand.
2055 1318 2092 1348 ut
2109 1318 2247 1358 exigant

645 1373 690 1406 et,
704 1371 734 1401 si
751 1378 890 1401 necesse
908 1369 1022 1406 fuerit,
1050 1368 1265 1408 compellant.
1281 1367 1495 1403 Urbinaten.‚
1513 1367 1710 1405 castellan„
1725 1369 1887 1399 Feretran
1904 1370 1937 1400 et
1952 1369 2130 1402 Sarsanen.
2151 1380 2247 1411 epos

644 1424 685 1455 ad
711 1423 912 1454 solvendum
934 1422 1112 1462 pecuniam
1128 1422 1169 1452 de
1186 1421 1318 1453 decima
1333 1421 1368 1452 in
1383 1421 1577 1452 subsidium
1594 1421 1706 1452 Terrae
1721 1421 1850 1453 Sanctae
1867 1422 2039 1462 deputata,
2054 1432 2115 1463 per
2135 1433 2194 1455 eos
2209 1425 2245 1456 in

646 1478 762 1509 Massa
780 1476 956 1513 Trabaria,
975 1477 1008 1507 et
1024 1476 1114 1506 terra
1130 1484 1158 1506 s.
1174 1475 1311 1515 Agathae
1327 1474 1515 1506 collectam.
1535 1474 1587 1515 (A.
1607 1476 1655 1511 11,
1679 1474 1701 1505 f.
1720 1476 1776 1506 561
1791 1474 1822 1510 b;
1841 1475 1876 1506 V.
1897 1477 1947 1513 69,
1967 1485 2018 1515 ep.
2039 1478 2096 1508 162
2114 1477 2150 1508 de
2167 1480 2246 1517 cur.)

690 1527 823 1560 10206.
845 1547 883 1552 --
905 1528 995 1561 Eisd.
1025 1529 1137 1560 mand.
1163 1528 1275 1559 simile
1298 1537 1359 1568 pro
1386 1528 1536 1559 Mai-chia
1562 1528 1764 1559 Anconitan.
1794 1529 1846 1567 (A.
1871 1531 1920 1565 11,
1937 1529 1967 1560 ,1.
1985 1531 2041 1561 561
2067 1530 2098 1566 b;
2133 1531 2167 1562 V.
2192 1534 2244 1570 69,

643 1593 697 1624 ep.
714 1586 772 1615 163
791 1583 826 1614 de
843 1583 925 1622 cur.)

690 1634 823 1666 10207.
843 1655 880 1659 -
897 1636 1040 1666 Peru-sin.
1058 1640 1086 1665 et
1101 1635 1183 1666 ιιηὶυ,
1200 1635 1277 1675 ep.is
1287 1644 1345 1675 per
1359 1634 1502 1665 ducatum
1517 1633 1680 1675 spoletan.
1696 1635 1868 1665 constitutis
1879 1640 1908 1666 et
1925 1636 2135 1675 eccl.{suarum
2149 1639 2243 1678 capit.

643 1691 756 1722 mand.
774 1693 811 1721 ut
828 1690 1007 1730 pecuniam
1023 1688 1190 1729 praedictae
1204 1689 1344 1720 decimae
1357 1697 1416 1728 per
1433 1697 1490 1719 eos
1507 1688 1684 1719 collectam
1702 1688 1787 1719 eisd.
1807 1689 1930 1720 rectori
1948 1691 1981 1720 et
1996 1690 2146 1721 thesaur.
2164 1691 2246 1723 inte-

642 1753 700 1786 gre
715 1744 900 1782 assignent.
917 1744 967 1781 (Α.
984 1745 1034 1779 11,
1052 1743 1073 1773 f.
1091 1744 1151 1774 562
1168 1747 1201 1778 ³;
1226 1741 1260 1772 V.
1277 1743 1328 1776 69,
1349 1750 1400 1781 ep.
1421 1743 1478 1773 164
1495 1741 1532 1772 de
1547 1742 1626 1781 cur.)

689 1795 823 1826 10208.
841 1816 879 1820 -
901 1796 1080 1827 Urbinacen.
1093 1801 1130 1826 ἐι
1143 1796 1226 1826 univ.
1239 1795 1318 1835 ep.is
1329 1805 1387 1836 per
1401 1795 1571 1825 Marcfaiam
1586 1795 1775 1826 Anconitan.
1791 1796 1976 1833 constitutis,
1993 1802 2022 1827 et
2034 1797 2104 1828 eccl.
2122 1809 2246 1829 suarum

643 1851 785 1892 capitulis
808 1850 920 1881 mand.
947 1852 983 1880 ut.
1005 1849 1139 1881 Amelio
1158 1849 1281 1880 rectori
1298 1851 1331 1880 et
1347 1849 1529 1889 Aymerico
1544 1849 1694 1880 thesaur.
1716 1849 1870 1880 Marchiae
1889 1850 2092 1882 Anconitan.
2111 1860 2246 1883 omnem

643 1905 822 1945 pecuniam
839 1905 873 1935 in
886 1904 976 1935 dicta
986 1903 1136 1934 Marchia
1149 1903 1189 1933 de
1206 1903 1348 1939 decima,
1365 1910 1426 1941 pro
1439 1902 1592 1933 subsidio
1604 1903 1717 1933 Terrae
1733 1903 1865 1934 Sanctae
1879 1903 2051 1943 imposita,
2069 1904 2246 1936 collectam

644 1958 829 1997 assignent.
850 1958 901 1995 (A.
919 1959 968 1993 11,
987 1957 1010 1987 f.
1027 1958 1086 1988 556
1103 1962 1131 1991 ἃ;
1158 1955 1189 1986 V.
1206 1957 1258 1993 69,
1276 1964 1327 1995 ep.
1347 1957 1405 1986 175
1421 1955 1458 1986 de
1474 1955 1556 1995 cur.)

691 2008 825 2040 10209.
837 2028 875 2033 -—
887 2009 1082 2047 Urbinalen„
1095 2008 1273 2046 Castellan„
1286 2008 1443 2039 Ferecran.
1458 2014 1486 2039 ec
1498 2009 1666 2039 Sar-sanem.
1679 2009 1756 2049 epis
1766 2015 1794 2039 et
1807 2009 1880 2039 eccl.
1891 2020 2015 2040 suarum
2025 2011 2120 2051 capit.
2134 2012 2246 2042 mand.

643 2065 689 2096 id.
709 2065 818 2104 quoad
836 2063 1014 2103 pecuniam
1034 2063 1068 2093 in
1085 2063 1200 2094 Massa
1218 2062 1382 2093 Traharia
1398 2065 1430 2094 et
1446 2064 1537 2094 terra
1554 2071 1581 2094 s.
1601 2062 1739 2102 Agathae
1757 2055 1945 2094 collectam.
1965 2063 2018 2101 (A.
2038 2066 2087 2100 11,
2105 2065 2127 2095 f.
2142 2066 2202 2096 556
2216 2065 2246 2103 ¹³3

648 2118 684 2149 V.
699 2120 750 2152 69,
768 2126 820 2156 ep.
845 2119 901 2148 176
919 2116 955 2147 de
974 2117 1052 2156 cur.)

691 2168 826 2199 10210.
845 2187 883 2192 -
901 2169 1020 2200 Amelio
1040 2169 1153 2200 rectori
1168 2173 1196 2199 et
1210 2169 1375 2209 Aymerico
1401 2168 1437 2199 de
1458 2168 1599 2209 Creqollo
1625 2170 1758 2200 thesaur.
1784 2169 1928 2200 Mar-clziae
1946 2171 2130 2202 Anconitan.
2152 2180 2244 2203 cone.

643 2225 796 2264 potestas
813 2223 948 2263 petendi
968 2232 987 2254 a
1002 2223 1159 2254 perusin.
1179 2224 1212 2253 et
1228 2222 1320 2253 univ.
1339 2222 1426 2262 ep.is
1443 2222 1586 2253 ducatus
1601 2223 1773 2262 Spoletan.
1796 2224 1973 2262 pecuniam
1996 2225 2190 2263 praedictam
2211 2226 2247 2256 in

642 2278 799 2309 Perusia.
822 2277 914 2308 civit.
936 2278 969 2308 et
987 2277 1032 2307 (li.
1060 2285 1098 2307 ac
1120 2276 1242 2307 ducatu
1261 2275 1432 2316 Spoletan.
1457 2276 1645 2308 collectam.
1665 2276 1715 2316 (A.
1736 2278 1785 2313 11,
1805 2276 1827 2307 f.
1852 2278 1911 2309 556
1928 2276 1960 2313 ὓς
1991 2277 2026 2308 V.
2048 2280 2098 2315 69,
2118 2286 2170 2317 ep.
2189 2280 2247 2310 177

643 2330 679 2361 de
698 2330 780 2369 cur.)

687 2383 698 2394 ³
726 2381 862 2412 10211.
884 2400 924 2406 -
942 2383 1127 2414 Processus
1146 2381 1253 2413 habiti
1272 2384 1390 2414 contra
1405 2383 1586 2414 Isnardum
1604 2383 1831 2423 patriarcham
1850 2383 2062 2418 Antiochen„
2081 2384 2242 2415 adminis-

642 2438 804 2468 tratorem
821 2437 902 2468 eccl.
921 2436 1073 2476 Papien.‚
1091 2444 1167 2467 cum
1189 2436 1368 2467 sententiis
1382 2445 1512 2467 excom.
1531 2438 1565 2468 et
1581 2445 1675 2476 perp.
1694 2437 1897 2476 privationis
1910 2446 1929 2467 a
1945 2437 2132 2476 pontificali
2146 2439 2179 2468 et
2195 2446 2246 2468 sa-

642 2490 805 2522 cerdotali
827 2490 991 2530 dignitate
1015 2491 1048 2520 et
1077 2489 1131 2520 off.
1157 2489 1210 2530 (In
1233 2489 1286 2520 his
1311 2489 1436 2521 litteris
1461 2490 1561 2529 plura
1583 2493 1763 2520 narrantur
1791 2490 1831 2521 de
1855 2489 1945 2520 bello
1967 2489 2245 2530 Gibellinorum.)

643 2543 694 2581 (A.
715 2545 764 2579 11,
791 2543 813 2576 f.
834 2544 894 2575 575
910 2548 939 2579 ⁸3
965 2542 998 2572 V.
1022 2544 1073 2580 69,
1094 2551 1147 2583 ep.
1167 2544 1225 2574 196
1247 2542 1284 2573 de
1307 2552 1392 2579 cur.;
1417 2533 1586 2583 ¹Raynaldi‚
1613 2543 1765 2575 Annales
1790 2543 1992 2580 ecclesiast„
2019 2544 2109 2580 1319,
2129 2543 2144 2582 g
2162 2552 2244 2580 v111;

645 2596 774 2633 Riezler,
794 2596 1036 2628 Vatikanische
1053 2596 1178 2632 Akten‚
1195 2605 1228 2626 n.
1248 2597 1332 2634 172.)

689 2647 824 2678 10212.
838 2667 876 2672 -
887 2649 1050 2681 Guillelmo
1064 2658 1160 2690 praep.
1176 2648 1249 2680 eccl.
1262 2649 1456 2690 Mayalonen.
1470 2649 1583 2681 mand.
1596 2651 1632 2680 ut
1649 2649 1684 2679 in
1701 2649 1806 2684 civit„
1820 2649 1866 2679 di.
1880 2650 1913 2680 et
1927 2649 2101 2688 provincia
2113 2648 2243 2680 Narbo-

643 2711 720 2734 nen.
743 2711 864 2734 census
880 2703 919 2734 E.
939 2703 980 2735 R.
999 2702 1132 2734 debitos
1148 2703 1272 2742 exigat.
1286 2703 1339 2742 (A.
1353 2705 1401 2738 11,
1416 2703 1439 2734 f.
1453 2703 1553 2740 540113
1574 2702 1606 2732 V.
1619 2703 1669 2739 69,
1683 2710 1736 2741 ep.
1750 2704 1805 2733 141
1820 2701 1856 2731 de
1869 2711 1950 2738 cur.;
1964 2701 2094 2739 Coulon,
2107 2706 2143 2732 n⁰
2156 2701 2244 2741 913.)

690 2753 824 2785 10213.
843 2773 880 2778 -
896 2756 980 2796 Ep.o
995 2761 1022 2786 ec
1041 2756 1135 2796 capit.
1155 2755 1284 2787 Cuman.
1303 2757 1417 2787 mand.
1433 2758 1470 2787 ut
1490 2764 1623 2787 omnem
1640 2755 1818 2794 pecuniam
1835 2755 1876 2785 de
1890 2755 2020 2785 decima
2036 2754 2070 2785 in
2088 2754 2243 2786 subsidio

675 2855 696 2878 1.
714 2854 794 2880 Cette
806 2854 884 2878 bulle
903 2853 976 2879 n'est
990 2860 1042 2885 pas
1060 2853 1238 2884 posterieure
1254 2861 1291 2879 au
1303 2854 1333 2878 23
1344 2853 1441 2886 juillet
1455 2854 1524 2882 1319,
1537 2852 1672 2884 puisqu'a
1687 2854 1759 2877 cette
1768 2852 1842 2879 date,
1855 2852 1970 2883 d'apres
1985 2851 2014 2876 la
2025 2851 2102 2876 bulle
2111 2852 2161 2884 qui
2173 2852 2244 2881 suit.

643 2898 785 2924 Bertrand
801 2898 839 2923 du
852 2898 961 2930 Pouget
971 2898 1045 2924 etait
1059 2898 1124 2931 deja
1138 2898 1225 2930 legat.
1242 2898 1365 2930 D'apres
1385 2897 1528 2930 Raynaldi
1542 2896 1668 2927 (Annales
1681 2896 1836 2926 ecclesiast,
1850 2897 1919 2926 1319,
1937 2897 2013 2927 vm),
2033 2896 2087 2921 elle
2103 2897 2193 2922 serait
2205 2897 2244 2922 du

642 2943 673 2967 23
685 2942 799 2975 juillet:
815 2943 866 2968 cfr.
882 2943 962 2968 aussi
976 2943 1084 2971 Couhm,
1098 2950 1125 2968 n.
1140 2944 1186 2968 912
1199 2946 1227 2968 et
1243 2943 1275 2969 L.
1294 2943 1418 2970 Ciaccio,
1432 2942 1457 2966 Il
1468 2941 1605 2966 cardinale
1619 2941 1705 2972 leqato
1720 2941 1867 2965 Berlrando
1881 2940 1925 2965 del
1940 2941 2063 2973 Poqqeteo
2078 2941 2105 2966 in
2118 2941 2243 2974 Βοὶορηα,

643 2987 715 3012 dans
733 2987 793 3012 Atti
812 2994 826 3012 e
843 2987 978 3013 memorio
995 2987 1071 3013 della
1089 2988 1122 3013 R.
1141 2988 1338 3020 Deputazione
1353 2987 1381 3012 di
1400 2986 1495 3012 Storia
1511 2985 1610 3011 Patria
1626 2993 1676 3017 per
1689 2985 1718 3010 la
1732 2985 1889 3016 Romagna,
1907 2987 1984 3010 tex-za
2000 2985 2084 3013 serie,
2100 2985 2157 3010 vol.
2168 2993 2243 3011 xxm

643 3032 734 3063 (1905),
749 3039 776 3064 p.
794 3033 834 3057 12.
