2592 3562
377 326 436 356 3⁴⁴

411 416 515 445 butum
530 412 713 447 Avenione.

433 1322 470 1349 16
488 1325 571 1350 mart.
593 1323 680 1351 1319.

417 1370 493 1402 (xvn
510 1367 569 1394 kaI.
586 1368 688 1402 mart.)

491 1412 522 1438 T.
544 1412 613 1439 XVI.

416 2181 465 2219 ,17
481 2183 565 2208 mart.
584 2180 672 2207 1319.

435 2226 499 2261 (xvr
514 2225 574 2253 kal.
590 2227 667 2260 apr.)

488 2270 520 2296 Τ.
540 2270 611 2296 XVI.

511 2341 546 2369 Ut
563 2350 587 2368 s.

493 2386 523 2412 T.
544 2386 603 2412 XII.

426 2449 464 2476 19
480 2452 562 2475 mart.
583 2448 671 2476 1319.

432 2496 496 2530 (mv
511 2493 570 2520 kal.
592 2493 668 2528 apr.)

438 2539 485 2566 Gr.
503 2546 554 2573 pro
574 2537 662 2566 socio.

510 2665 546 2692 Ut
562 2673 586 2692 s.

485 2710 516 2736 T.
537 2710 608 2737 XIII.

510 2879 544 2906 Ut
561 2888 584 2906 s.

785 325 960 358 JOANNIS
983 327 1102 358 PAPAE
1124 327 1226 358 xxu.
1250 328 1500 368 (mm-1384).
1522 347 1561 354 —
1583 328 1770 361 LITTERAE
1793 329 2018 362 COMMUNES

805 521 994 553 tinentibus
1009 521 1119 554 henes.
1137 531 1307 554 summam
1325 522 1496 556 dimittere
1514 525 1748 556 memoratam.
1766 542 1805 548 -—
1821 524 1863 556 Et
1880 524 1960 556 licet
1973 524 2079 556 abbas
2096 526 2130 557 et
2144 533 2240 557 conv.
2258 526 2405 558 monast.

805 583 835 606 s.
853 575 990 607 Martini
1019 576 1059 607 de
1075 575 1254 611 Gemellis,
1271 575 1487 615 Ambianen„
1502 577 1541 610 O.
1561 577 1596 610 S.
1617 577 1673 614 A„
1689 576 1816 618 quibus
1843 577 1976 610 fructus
1991 577 2097 618 primi
2114 578 2194 610 anni
2213 577 2408 618 praebenda-

805 637 880 660 rum
905 628 1096 660 vacantium
1118 628 1152 660 in
1178 628 1260 660 eccl.
1280 628 1484 662 Ambianen.
1501 639 1543 662 ex
1569 629 1778 670 specialibus
1801 631 2081 663 concessionibus
2102 632 2136 664 et
2161 631 2407 664 consuetudine

804 681 943 721 antiqua
960 679 1139 718 debentur,
1163 681 1358 722 hujusmodi
1382 682 1514 714 fructus
1530 682 1634 724 praeb.
1653 691 1730 714 cuin
1753 683 1885 722 vacent,
1900 691 1968 715 non
1983 684 2154 716 residente
2168 684 2203 716 in
2220 684 2311 716 dicta
2323 684 2417 716 eccl:

803 734 1015 772 beneficiato,
1041 734 1094 766 cui
1113 734 1212 775 juxta
1232 737 1398 767 statutum
1419 736 1486 768 ΡΡ.
1503 745 1583 776 pars
1611 745 1654 768 ex
1670 736 1758 776 ipsis
1774 735 1944 768 fructibus
1967 736 2131 769 debeatur
2145 745 2188 769 ex
2207 737 2351 778 integro,
2368 745 2406 770 se

803 787 925 819 debere
946 787 1121 827 percipere
1146 790 1354 826 asseverent,
1371 791 1485 821 tamen
1504 789 1653 820 decanus
1676 791 1709 820 et
1725 789 1828 829 capit.
1853 788 1962 830 ejusd.
1980 789 2062 822 eccl.
2083 789 2287 823 Ambianen.
2315 798 2406 823 asse·

804 842 917 872 rentes
932 849 969 872 se
985 841 1108 873 debere
1126 849 1192 873 non
1210 841 1373 874 residenti
1387 842 1587 874 beneficiato
1605 842 1747 873 indicta
1761 842 1856 879 0001..
1873 842 1928 874 0111
1943 842 2051 874 altera
2071 844 2221 884 partium
2237 843 2406 876 dictorum

802 894 971 925 fructuum
984 894 1084 935 juxta
1101 895 1378 927 constitutionem
1397 897 1505 936 apost.
1525 895 1716 930 deberetur,
1734 895 1764 926 si
1780 895 1883 927 vellet
1897 895 1932 926 in
1948 895 2039 928 dicta
2052 896 2134 928 0001.
2151 897 2193 928 ad
2208 896 2408 938 impenden-

803 947 882 978 dum
913 946 961 978 ibi
985 948 1169 979 servicium
1193 947 1346 980 debitum
1372 948 1534 985 residere,
1562 948 1597 979 in
1613 948 1829 988 perceptione
1848 948 2017 980 dictorum
2035 948 2207 982 fructuum
2225 949 2405 990 subrogari

802 1009 906 1040 seque
922 1001 956 1032 in
977 1000 1037 1032 hoc
1064 1000 1264 1033 beneficiato
1295 1002 1476 1034 succedere
1494 1003 1696 1039 memorato,
1723 1002 1905 1041 propterea
1935 1001 2012 1033 abb.
2038 1003 2072 1034 et
2100 1011 2196 1034 conv,
2215 1002 2406 1044 impediunt

802 1054 986 1094 quominus
1008 1055 1199 1095 percipiant
1215 1055 1345 1095 integre
1370 1054 1566 1095 hujusmodi
1585 1054 1720 1086 annalia
1741 1054 1845 1094 praeb.
1863 1054 2028 1095 ipsarum.
2045 1055 2158 1092 Quare
2168 1055 2238 1087 ΡΡ.
2255 1055 2407 1088 declarat

801 1108 891 1148 quod
918 1116 988 1139 31130
1015 1108 1216 1140 intentionis
1232 1117 1406 1149 nunquam
1434 1107 1549 1139 extitit
1565 1116 1625 1139 nec
1649 1107 1769 1139 existit
1787 1107 1879 1148 quod
1901 1108 2049 1148 capitulo
2077 1108 2224 1150 alicujus
2253 1109 2407 1142 ecclesioe

800 1161 987 1201 quidquam
1003 1162 1173 1193 accrescat
1186 1161 1222 1193 in
1238 1170 1319 1193 casu
1335 1170 1402 1201 quo
1418 1160 1641 1192 beneficiatus
1654 1160 1767 1200 ipsius
1782 1160 1864 1192 eccl.
1878 1160 1914 1192 in
1927 1169 1966 1192 ea
1979 1169 2047 1193 non
2061 1161 2190 1194 residet
2205 1163 2239 1194 et
2256 1162 2299 1194 ad
2312 1161 2406 1195 debi-

800 1217 872 1246 tum
894 1214 1078 1246 servicium
1100 1215 1378 1255 impendendum,
1402 1223 1491 1252 cum,
1518 1215 1672 1246 cessante
1693 1222 1807 1251 causa,
1826 1222 1960 1246 cessare
1978 1213 2100 1247 debeat
2117 1215 2247 1255 pariter
2263 1217 2297 1248 et
2313 1215 2407 1257 quod

801 1270 908 1308 urget.
927 1278 945 1300 «
962 1268 1130 1305 Quoniam
1149 1268 1184 1299 in
1199 1268 1374 1299 nonnullis
1391 1267 1584 1299 ecclesiis...
1603 1275 1621 1298 »
1638 1267 1692 1306 (A.
1711 1269 1759 1304 12,
1777 1267 1801 1298 f.
1818 1268 1877 1299 217
1893 1273 1924 1305 ¹3
1951 1267 1987 1300 V.
2003 1270 2055 1304 69,
2074 1276 2127 1308 ep.
2144 1268 2251 1309 1173.)

845 1319 956 1350 0009.
975 1339 1012 1344 -
1027 1321 1208 1352 Noviomen.
1233 1326 1261 1352 et
1292 1321 1457 1352 Beloacen.
1487 1321 1577 1362 epis.
1597 1338 1635 1343 —
1658 1321 1901 1361 Exposuerunt
1928 1320 2035 1353 abbas
2064 1323 2097 1354 et
2124 1330 2221 1354 conv.
2256 1324 2405 1355 monast.

801 1384 828 1407 3.
849 1375 988 1407 Martini
1014 1376 1055 1407 de
1073 1375 1239 1407 Gemellis
1259 1374 1476 1412 Ambianen„
1500 1375 1540 1406 Ο.
1559 1375 1594 1407 S.
1614 1375 1669 1413 A.,
1686 1374 1776 1414 quod
1799 1375 1868 1415 ipsi
1885 1374 1921 1406 in
1948 1375 2030 1406 eccl.
2046 1375 2250 1408 Ambianen.
2268 1384 2311 1408 ex
2330 1384 2407 1417 spe-

800 1429 945 1460 cialibus
967 1428 1246 1460 concessionibus
1262 1437 1365 1460 unam
1382 1437 1476 1468 perp.
1499 1427 1604 1468 praeb.
1622 1427 1782 1460 canonice
1806 1427 1972 1464 obtinent,
1996 1437 2127 1460 necnon
2153 1429 2285 1461 fructus
2299 1429 2405 1470 primi

799 1483 878 1513 anni
894 1482 1047 1513 omnium
1073 1482 1332 1522 praebendarum
1355 1490 1428 1512 vac.
1448 1482 1484 1512 in
1507 1481 1588 1513 eccl.
1616 1482 1816 1519 memorata,
1839 1481 1889 1513 sic
1919 1482 2050 1522 integre
2076 1482 2170 1514 omni
2187 1482 2404 1523 exemptione

799 1536 950 1573 exclusa,
975 1536 1150 1575 percipere
1166 1535 1246 1566 licet
1263 1535 1326 1573 eis,
1346 1535 1436 1575 quod
1454 1535 1549 1566 nulla
1565 1543 1683 1566 eorum
1700 1535 1813 1574 portio
1833 1543 1873 1566 ex
1888 1534 2040 1575 qualibet
2053 1535 2312 1576 praebendarum
2329 1543 2401 1568 vae.

799 1589 919 1621 debeat
937 1598 1012 1620 esse
1027 1589 1138 1620 minor
1151 1597 1253 1628 quam
1270 1589 1373 1619 unius
1392 1588 1612 1628 praesentium
1627 1590 1660 1619 et
1676 1587 1900 1620 servientium
1916 1597 1989 1620 can.
2007 1589 2090 1620 eccl.
2105 1589 2328 1629 supradictam
2341 1589 2407 1622 im·

788 1639 921 1683 'positis
943 1645 1123 1682 propterea
1149 1642 1253 1673 certis
1278 1641 1440 1673 oneribus
1458 1641 1557 1682 ipsis.
1574 1642 1660 1673 Cum
1685 1643 1799 1673 antem
1826 1642 1982 1682 quaedam
2006 1641 2109 1682 praeb.
2127 1642 2210 1674 eccl.
2226 1642 2404 1675 antedicta

798 1697 916 1728 divisae
931 1696 1089 1733 fuissent,
1108 1696 1190 1727 dicti
1207 1695 1312 1727 abbas
1336 1696 1369 1726 et
1384 1704 1479 1727 conv.
1483 1718 1495 1734 ‚
1511 1697 1612 1735 prout
1628 1695 1715 1735 ipsis
1731 1703 1773 1726 ex
1791 1694 1999 1735 supradictis
2015 1695 2294 1728 concessionibus
2309 1695 2404 1728 licite

798 1750 1045 1790 competebant,
1063 1750 1195 1781 fructus
1218 1749 1322 1789 primi
1341 1749 1421 1780 anni
1439 1749 1606 1781 dictarum
1625 1748 1730 1788 praeb.
1746 1748 1936 1780 divisarum
1952 1757 2029 1780 cum
2045 1750 2220 1787 vacarunt,
2237 1749 2273 1781 in
2287 1749 2404 1782 distri·

797 1803 995 1835 butionibus
1008 1804 1138 1843 integre
1154 1804 1389 1842 perceperunt,
1411 1802 1500 1834 sicut
1515 1811 1558 1834 ex
1570 1801 1673 1842 praeb.
1687 1802 1841 1842 integris.
1858 1810 1935 1833 cum
1952 1801 2127 1834 vacabant.
2143 1802 2228 1834 Post
2240 1802 2312 1835 11ωο
2321 1811 2404 1836 vero

797 1858 944 1888 decanus
959 1859 992 1888 et
1008 1857 1109 1896 capit.
1127 1856 1328 1888 Ambianen.
1345 1855 1421 1887 abb.
1435 1857 1468 1887 et
1484 1864 1581 1887 conV.
1594 1856 1775 1896 praedictos
1789 1855 1931 1887 dimidia
1944 1855 2112 1887 dictarum
2120 1855 2402 1889 distributionum

797 1911 951 1950 ipsarum
970 1910 1072 1950 praeb.
1091 1910 1281 1941 divisarum
1304 1911 1423 1941 contra
1436 1909 1608 1950 justitiam
1624 1909 1827 1949 spoliarunt,
1847 1910 1880 1940 et
1896 1908 2031 1950 aliquas
2045 1909 2220 1949 portiones
2236 1918 2256 1941 a
2271 1910 2404 1950 grossis

797 1964 965 1996 fructibus
985 1964 1087 2004 praeb.
1117 1964 1215 1995 dictae
1245 1963 1326 1995 eccl.
1355 1963 1609 2000 subtraxerunt,
1626 1962 1742 2002 aliqua
1770 1971 1905 2003 quoque
1930 1962 1966 1993 in
1982 1963 2136 1994 eorumd.
2155 1962 2232 1994 abb.
2253 1966 2288 1995 et
2304 1971 2401 1996 conv.

797 2019 1031 2059 praejudicium
1050 2018 1212 2049 fecerunt.
1228 2017 1339 2053 Quare
1356 2017 1422 2048 ΡΡ.
1436 2016 1574 2048 mandat
1585 2016 1793 2056 supradictis
1811 2016 1899 2055 ep.is
1910 2017 1947 2047 ut
1964 2008 2087 2047 causas
2101 2024 2187 2056 quas
2202 2016 2284 2060 dicti
2297 2015 2402 2049 abbas

797 2073 830 2103 et
847 2081 941 2103 conv.
957 2073 1075 2103 contra
1090 2065 1256 2102 decanum
1276 2072 1308 2102 et
1323 2070 1425 2110 capit.
1443 2078 1580 2101 movere
1598 2071 1802 2110 proponunt,
1819 2069 1893 2100 sine
1909 2069 2019 2108 figura
2030 2069 2163 2109 Judicii‚
2174 2069 2403 2110 appellatione

797 2127 937 2163 remota,
956 2125 1123 2156 decidant.
1137 2135 1153 2156 «
1170 2124 1223 2156 Ad
1238 2124 1510 2156 subveniendum
1528 2123 1784 2155 monasteriis...
1798 2131 1815 2153 »
1827 2122 1881 2163 (A.
1898 2124 1947 2161 12,
1960 2123 1984 2154 f.
1995 2124 2054 2154 217
2067 2122 2100 2160 ¹³5
2119 2122 2151 2154 V.
2165 2125 2217 2161 69,
2230 2131 2284 2163 ep.
2296 2124 2402 2164 1174.)

841 2177 953 2208 0070.
970 2197 1009 2202 -
1026 2178 1206 2210 Absolutio
1227 2187 1246 2209 3
1267 2178 1498 2218 promissione
1522 2186 1583 2217 per
1607 2175 1735 2207 Petrum
1754 2186 1857 2217 ep.um
1882 2176 2092 2207 Cenomanen.
2115 2176 2286 2208 mediante
2309 2177 2402 2217 jura—

796 2235 909 2264 mento
930 2233 1017 2264 facta
1031 2233 1071 2263 de
1087 2232 1269 2263 visitandis
1285 2231 1407 2271 Apost.
1428 2230 1619 2267 liminibus,
1639 2229 1785 2270 singulis
1801 2229 1912 2267 3111113,
1933 2229 2103 2261 existente
2120 2230 2220 2262 Rom.
2237 2229 2342 2262 Curia
2354 2230 2403 2263 oi-

796 2289 848 2318 tra
863 2288 1008 2323 montes,
1026 2287 1058 2317 et
1072 2285 1217 2325 singulis
1236 2285 1385 2316 bienniis
1400 2285 1490 2315 ultra
1504 2285 1648 2315 montes.
1667 2284 1719 2323 (A.
1741 2285 1789 2321 11,
1808 2283 1831 2314 f.
1848 2284 1909 2315 358
1923 2282 1953 2320 ὓς
1979 2283 2015 2314 V.
2031 2285 2083 2321 69,
2099 2292 2152 2323 011.
2169 2284 2255 2322 446.)

839 2337 950 2368 9071.
971 2358 1008 2362 -
1025 2339 1222 2379 Assignatio
1243 2338 1347 2378 pallei
1374 2337 1537 2370 Gut'llelmo
1552 2337 1706 2378 archiep.o
1726 2337 1962 2377 leothomaqen„
1986 2336 2068 2368 olim
2097 2336 2284 2377 Lingonen.
2309 2345 2400 2378 ep-o.

795 2394 848 2435 (A.
867 2397 915 2431 11,
934 2394 956 2424 s.
979 2395 1036 2424 441
1052 2399 1079 2429 ³;
1104 2392 1136 2423 V.
1152 2395 1203 2428 69,
1222 2401 1274 2432 ep.
1291 2392 1378 2432 461.)

838 2445 949 2476 9072.
978 2465 1016 2470 -
1034 2446 1151 2478 Gratia
1175 2455 1271 2486 exsp.
1295 2445 1406 2477 benef.
1429 2445 1542 2476 saecul.
1569 2454 1598 2476 0.
1623 2453 1652 2476 0.
1673 2444 1727 2476 vel
1754 2452 1781 2475 s.
1805 2453 1834 2475 c.
1857 2444 1893 2475 in
1915 2443 2008 2475 civit.
2031 2443 2086 2474 vel
2110 2443 2157 2474 di.
2181 2442 2399 2485 Cameracen-

795 2502 868 2541 (100
889 2501 912 2532 1.
931 2502 969 2539 t.)
988 2501 1030 2531 ad
1048 2500 1160 2531 collat.
1182 2500 1249 2539 ep.i
1270 2499 1393 2539 pertin.
1411 2498 1526 2530 Joanni
1549 2497 1586 2529 de
1608 2497 1755 2533 Fumone,
1778 2507 1846 2528 can.
1869 2507 1894 2528 s.
1922 2496 2088 2537 Gauqerici
2105 2495 2313 2532 cameracen„
2329 2495 2399 2528 ΡΡ.

792 2556 900 2596 script.
916 2573 954 2578 —
970 2555 995 2584 Ι.
1015 2562 1043 2584 0.
1063 2562 1106 2584 111.
1124 2562 1150 2583 s.
1169 2552 1311 2584 Auberti
1328 2554 1360 2584 et
1379 2561 1406 2584 3.
1425 2551 1579 2592 Sepulcri
1596 2551 1813 2583 Cameracen.
1830 2551 1975 2582 monast.
1991 2549 2079 2587 abb„
2099 2558 2136 2580 ac
2148 2558 2238 2590 mag.
2255 2549 2398 2583 Nicolao

793 2609 834 2640 de
849 2608 989 2644 Frattis,
1006 2616 1078 2638 can.
1096 2608 1271 2638 Patracen.
1288 2606 1342 2646 (A.
1363 2608 1412 2643 11,
1428 2606 1451 2636 f.
1469 2607 1524 2637 331
1544 2610 1572 2642 ³;
1596 2605 1630 2636 V.
1648 2606 1699 2642 69,
1720 2612 1773 2644 ep.
1791 2604 1877 2640 410.)

837 2659 948 2691 9073.
972 2679 1010 2683 -
1025 2660 1151 2691 Indult.
1173 2659 1285 2690 carolo
1299 2659 1369 2690 duci
1384 2658 1546 2696 Calabriae,
1565 2658 1692 2689 liuberti
1708 2657 1788 2698 reqis'
1804 2656 1922 2688 Siciliae
1935 2656 2150 2697 primoyenilo,
2165 2660 2194 2686 et
2205 2655 2396 2695 Camarina,

792 2716 859 2756 ejus
874 2714 976 2751 uxori,
996 2715 1032 2744 ut
1049 2713 1255 2753 quicumque
1269 2712 1469 2752 praedicator
1491 2712 1526 2742 in
1549 2711 1694 2751 alicujus
1712 2719 1830 2742 eorum
1852 2709 2033 2750 praesentia
2049 2717 2243 2749 proponens
2254 2708 2398 2741 verbum

791 2769 855 2800 Dei
872 2769 958 2808 ipsis
974 2769 1007 2799 et
1023 2767 1101 2798 aliis
1120 2766 1347 2806 praesentibus
1363 2775 1403 2796 xi.
1420 2765 1553 2797 dierum
1569 2764 1700 2804 indulg.
1717 2764 1790 2795 illis
1807 2772 1888 2795 vero
1906 2763 1966 2803 qui
1982 2771 2045 2802 pro
2064 2771 2183 2794 eorum
2199 2762 2308 2794 salute
2323 2762 2396 2794 Deo

792 2831 910 2862 preces
924 2820 1102 2852 effuderint
1124 2829 1171 2851 xx
1187 2819 1320 2850 dierum
1338 2819 1521 2850 concedere
1538 2818 1660 2849 valeat.
1677 2818 1731 2858 (A.
1750 2819 1798 2854 11,
1815 2817 1839 2848 f.
1861 2818 1920 2849 395
1937 2816 1969 2854 ὓς
1989 2815 2026 2847 V.
2043 2817 2094 2853 69,
2109 2824 2162 2855 011.
2176 2814 2264 2855 444.)

836 2872 947 2904 9074.
967 2892 1006 2898 -
1029 2873 1172 2905 Paroch.
1196 2873 1276 2904 eccl.
1307 2881 1334 2903 s.
1358 2872 1501 2903 Joannis
1524 2872 1590 2903 sita
1616 2872 1652 2902 in
1677 2872 1789 2902 castro
1809 2870 1924 2907 Dian„
1947 2869 2114 2901 Albanen.
2135 2869 2196 2906 di„
2226 2869 2300 2909 (100
2321 2868 2395 2915 flor.

793 2929 892 2968 auri),
909 2928 1048 2959 obtentu
1067 2926 1179 2958 Caroli
1193 2926 1289 2956 ducis
1307 2925 1473 2957 Calabriae
1485 2925 1601 2956 unitur
1617 2933 1742 2956 mensae
1761 2924 1822 2965 ep.i
1837 2922 2006 2960 Albanen„
2025 2922 2136 2962 ipsius
2153 2921 2250 2953 ducis
2265 2921 2397 2953 cancel·
2438 2956 2441 2959 Δ

792 2983 879 3014 larii.
896 2982 948 3022 (Α.
966 2983 1014 3018 11,
1033 2981 1056 3012 f.
1077 2982 1136 3012 395
1152 2980 1184 3016 b;
1215 2979 1246 3010 V.
1263 2981 1315 3016 09,
1331 2987 1382 3018 ep.
1400 2979 1486 3018 445.)
