2592 3562
341 287 403 318 152

372 379 475 406 Datum
498 371 682 405 Avenione.

345 479 438 511 1o(v1
454 478 507 511 id.)
531 478 598 504 maii
626 475 713 504 1318.

436 524 467 551 T.
485 523 531 555 XI,
548 521 622 549 XIII.

345 748 380 775 Η
401 746 432 782 (v
450 746 502 781 id.)
529 746 598 773 maii
627 744 715 772 1318.

453 791 484 818 T.
505 790 601 818 XXIV.

491 1066 528 1093 Ut
548 1074 571 1092 s.

386 1112 434 1139 Gr.
447 1119 499 1146 pro
517 1111 584 1138 d.n0
599 1109 677 1137 card.

494 1279 529 1307 Ut
547 1287 570 1306 s.

437 1325 468 1352 T.
489 1325 548 1358 xn,
564 1324 634 1351 xlv.

495 1709 529 1736 Ut
546 1717 569 1737 S.

444 1753 474 1780 T.
489 1754 534 1780 xl.
551 1753 622 1780 XIII.

497 1975 534 2002 Ut
554 1983 577 2002 s.

472 2019 503 2046 T.
524 2019 596 2046 XVI.

498 2134 533 2162 Ut
554 2143 578 2161 s.

473 2178 503 2204 T.
525 2178 596 2205 XVI.

497 2561 534 2588 Ut
553 2569 576 2588 s.

462 2605 493 2634 T.
512 2605 610 2634 XXVI.

745 284 920 316 JOANNIS
943 285 1062 316 PAPAE
1084 285 1186 316 XXII.
1211 286 1460 324 (1316-1384).
1482 305 1520 310 —
1543 286 1730 318 LITTERAE
1753 286 1979 318 COMMUNES

815 474 924 507 7158,
949 495 987 501 —
1009 478 1100 508 Petro
1124 478 1265 514 Gerar-di,
1282 487 1355 509 can.
1373 479 1519 519 praeben.
1540 480 1621 512 eccl.
1644 480 1910 518 claromonten..
1929 481 2038 521 gratia
2055 489 2153 522 exsp.
2171 482 2278 523 dign„
2298 491 2375 523 per-

770 533 921 568 sonatus,
939 532 992 563 vel
1008 532 1062 563 off.
1082 540 1142 563 seu
1162 532 1273 563 benef.
1293 532 1328 563 in
1347 532 1419 564 ead.
1437 532 1537 570 eccl.;
1554 542 1621 565 non
1632 533 1719 565 obst.
1737 543 1855 566 canon.
1869 535 1903 566 et
1914 534 2017 575 praeb.
2030 534 2164 567 eccl-de
2173 535 2372 576 Suaysiaco,

770 586 802 615 et
820 585 860 615 de
877 585 1015 616 Coxano
1040 594 1077 616 ac
1102 594 1128 615 s.
1151 585 1322 616 vincentii
1340 585 1482 625 capellis
1505 595 1565 618 seu
1581 587 1662 619 eccl.
1681 596 1710 618 s.
1732 597 1775 625 c.,
1792 588 2045 620 Claromonten.
2064 589 2098 620 et
2111 588 2307 621 Narbonen.
2325 589 2374 621 di.

770 656 806 660 —
823 638 848 668 Ι.
866 647 895 669 e.
914 647 958 668 m.
974 647 1049 678 ep.o
1066 638 1234 675 Anicien.,
1251 640 1284 670 et
1300 638 1376 670 abb.
1392 642 1536 671 monast.
1555 640 1595 672 de
1613 649 1640 671 s.
1658 641 1860 679 Yssiodoro,
1875 641 2130 674 claromonten.
2143 642 2202 679 di.,
2214 651 2253 674 ac
2267 650 2372 683 proep.

771 691 850 722 eccl.
871 691 1037 723 Avenion.
1058 692 1175 731 (A.10‚
1195 691 1218 722 f.
1237 693 1294 724 103
1311 697 1342 729 ⁸;
1367 691 1400 723 V.
1416 694 1468 730 68,
1486 701 1538 734 ep.
1559 695 1663 732 1775.)

816 742 926 773 7159.
947 763 985 767 -
1008 744 1090 785 Epo
1118 744 1296 776 Tirasonen.
1319 746 1432 778 mand.
1457 748 1494 778 ut
1523 747 1564 778 ad
1580 747 1734 778 Toletan.
1753 747 1834 779 eccl.
1859 748 2087 788 personaliter
2103 757 2140 780 se
2155 748 2307 780 conferat
2326 749 2376 780 in·

772 798 963 837 quisiturus
976 800 1009 829 et
1026 798 1197 829 relaturus
1215 800 1332 830 contra
1357 799 1556 831 Gucterium
1570 800 1781 840 archiep.um
1796 801 1951 832 Toletan.
1967 801 2026 842 qui
2043 803 2160 834 contra
2174 802 2241 834 ΡΡ.
2258 801 2379 834 exhor·

770 851 917 882 tationes
944 851 1078 882 dixerat
1099 852 1189 891 quod
1219 860 1391 892 nunquam
1415 862 1431 883 «
1454 854 1604 885 Joannes
1619 853 1713 884 filius
1728 853 1845 885 Jacobi
1867 855 2063 895 Aragonum
2078 855 2181 896 regis,
2199 855 2266 887 ΡΡ.
2288 863 2375 895 (ιαμ,

771 904 933 935 honorem
959 906 991 935 et
1018 905 1233 936 commodum
1259 914 1358 937 suum
1386 906 1511 938 faceret
1529 915 1568 938 eo
1583 907 1719 938 vivente
1732 907 1773 938 de
1786 906 1898 938 benef.
1914 907 1983 947 ipsi
2005 916 2066 948 per
2081 909 2116 942 S.
2133 909 2175 940 A.
2191 908 2328 940 collatis
2348 918 2376 947 »‚

773 966 893 997 nempe
909 958 949 989 de
967 958 1192 998 Godalpagar,
1209 960 1241 990 et
1258 960 1447 999 praesertim
1460 960 1501 990 de
1517 960 1751 1000 praestimonio
1762 960 1804 991 de
1820 960 1972 992 Tielmos
1984 969 2091 1002 nuper
2105 963 2183 1002 post
2198 962 2270 994 obit
2284 961 2378 994 Guil-

773 1011 866 1042 lelmi
883 1011 1037 1042 Accursii
1049 1012 1083 1044 S.
1097 1012 1138 1043 A.
1156 1021 1228 1052 cap.
1241 1012 1307 1044 eid.
1319 1013 1471 1044 Joannia
1482 1013 1552 1044 ΡΡ.
1564 1013 1708 1045 collatis.
1732 1014 1783 1051 (A.
1799 1015 1831 1051 8,
1849 1013 1872 1044 f.
1890 1015 1950 1046 447
1958 1014 1988 1052 1’;
2012 1014 2046 1045 V.
2062 1017 2115 1053 67,
2129 1023 2182 1055 ep.
2201 1016 2287 1054 879.)

819 1062 929 1093 7160.
948 1082 987 1087 -
1004 1065 1136 1106 Indulg.
1156 1066 1258 1097 unius
1282 1067 1362 1097 anni
1380 1068 1413 1098 et
1428 1076 1470 1097 xi.
1487 1067 1620 1098 dierum
1637 1075 1700 1106 pro
1718 1075 1796 1098 vere
1810 1067 2054 1107 poenitentibus
2070 1070 2104 1100 et
2117 1068 2298 1106 confessis,
2319 1067 2379 1109 qui

774 1118 921 1158 singulis
937 1118 1036 1149 annis
1052 1118 1243 1150 ecclesiam.
1261 1128 1289 1151 s.
1306 1120 1398 1151 Petri
1413 1120 1453 1151 de
1472 1121 1634 1156 Romevo‚
1661 1120 1881 1152 Condomien.
1896 1121 1956 1158 di.,
1973 1121 2071 1161 cujus
2086 1121 2259 1155 Arnaldus
2278 1121 2382 1154 Alba·

774 1180 849 1203 nen.
868 1180 966 1211 ep.us
989 1174 1155 1211 patronus
1170 1173 1302 1210 existit,
1328 1173 1518 1204 visitabunt
1534 1174 1569 1204 in
1584 1174 1623 1205 B.
1642 1173 1688 1204 M.
1705 1174 1748 1205 V.
1772 1175 1806 1205 et
1827 1174 1936 1214 ejusd.
1954 1174 1986 1205 b.
2007 1175 2101 1206 Petri
2122 1176 2268 1216 apostoli
2283 1177 2381 1210 festi-

774 1225 938 1256 vitatibus
945 1235 954 1261 ;
973 1235 988 1256 c
1007 1234 1087 1257 vero
1106 1226 1238 1257 dierum
1257 1235 1317 1267 per
1334 1228 1482 1258 octavas.
1497 1227 1548 1266 (A.
1563 1228 1594 1264 9,
1612 1226 1635 1258 f.
1653 1228 1711 1259 145
1719 1232 1733 1248 ³
1738 1237 1748 1263 ;
1772 1227 1809 1259 V.
1828 1230 1879 1264 67,
1900 1236 1952 1268 ep.
1969 1229 2057 1268 926.)

819 1276 930 1307 7161.
947 1297 986 1301 -
1003 1278 1124 1311 Collat.
1144 1279 1316 1319 prioratus
1329 1280 1370 1311 de
1383 1289 1411 1311 s.
1431 1280 1592 1317 Antonio,
1611 1281 1651 1312 O.
1665 1280 1699 1312 S.
1718 1281 1772 1318 A„
1787 1281 1979 1313 Ruthenen.
1991 1282 2122 1323 di.‚per
2129 1284 2381 1323 promotionem

774 1332 866 1363 Petri
885 1332 927 1363 ad
946 1331 1116 1363 abbatiam
1132 1334 1278 1364 monast.
1297 1342 1325 1364 s.
1345 1334 1521 1365 Saturnini
1533 1333 1707 1371 Tolosam,
1721 1334 1829 1374 ejusd.
1847 1334 1934 1373 ord.‚
1952 1343 2006 1374 ap.
2025 1335 2059 1367 S.
2072 1337 2113 1367 A.
2128 1345 2214 1375 vac.,
2233 1336 2383 1378 Piloforti

773 1385 810 1416 de
826 1386 1030 1427 Rapistaqno,
1048 1386 1176 1417 consid.
1195 1395 1228 1417 n.
1255 1395 1285 1416 v.
1302 1387 1466 1418 Bernardi
1484 1387 1626 1418 Jordani
1642 1387 1714 1419 d.ni
1734 1387 1775 1419 de
1794 1387 1922 1425 Insula,
1941 1397 2019 1419 cum
2036 1389 2187 1429 dispens.
2206 1399 2226 1421 a
2242 1391 2379 1424 constit.

774 1439 939 1470 Bonifacii
954 1439 1037 1471 VIII
1048 1441 1085 1471 ut
1099 1440 1299 1479 praedictum
1312 1440 1499 1480 prioratum
1517 1449 1663 1472 unacum
1679 1449 1798 1472 canon.
1816 1442 1896 1472 eccl.
1912 1442 2074 1474 Tolosan.
2092 1451 2131 1474 ac
2149 1443 2282 1484 integra
2305 1453 2382 1485 por-

773 1493 877 1530 tione,
893 1502 995 1533 quam
1013 1493 1100 1524 sicut
1115 1502 1204 1524 unus
1224 1502 1266 1524 ex
1291 1494 1371 1525 aliis
1392 1503 1464 1525 can.
1484 1494 1519 1525 in
1536 1494 1610 1525 ead.
1627 1495 1707 1526 eccl.
1727 1494 1868 1533 obtinet,
1888 1495 1982 1527 licite
1998 1495 2146 1528 retinere
2163 1497 2287 1536 valeat,
2303 1507 2382 1539 pro-

774 1547 848 1577 viso
865 1547 955 1586 quod
971 1546 1098 1578 archid.
1113 1547 1250 1578 Veteris
1266 1547 1406 1578 Moresii
1422 1548 1457 1578 in
1473 1547 1655 1587 saepedicta
1673 1548 1754 1579 eccl.
1771 1548 1933 1580 dimittat.
1949 1566 1990 1572 -—
2004 1549 2031 1580 I.
2049 1558 2079 1581 e.
2094 1558 2140 1582 m.
2156 1549 2222 1582 abb
2233 1553 2379 1584 monast.

774 1601 811 1631 B.
835 1600 880 1631 M.
901 1600 941 1631 de
957 1600 1138 1638 Soricini0,
1157 1601 1305 1631 Vauren.
1332 1601 1391 1638 di.,
1419 1603 1451 1632 et
1470 1601 1604 1633 Oddoni
1621 1601 1662 1632 de
1684 1602 1778 1633 Fuxo
1799 1601 1926 1633 archid.
1945 1602 2133 1643 Urgellen„
2150 1603 2218 1635 ΡΡ.
2239 1613 2327 1645 cap„
2344 1613 2383 1637 ac

773 1653 956 1685 Guillelmo
973 1653 1103 1684 Calveti
1121 1662 1193 1684 can.
1212 1654 1347 1685 Albien.
1366 1654 1447 1685 eccl.
1465 1655 1517 1693 (A.
1535 1655 1565 1690 8,
1581 1654 1604 1686 f.
1628 1655 1689 1685 485
1701 1654 1735 1693 1’;
1759 1654 1791 1685 V.
1809 1657 1860 1693 67,
1880 1664 1932 1695 ep.
1953 1655 2040 1696 931.)

820 1704 930 1735 7162.
950 1725 988 1729 —
1008 1706 1169 1737 Guillelmo
1183 1706 1352 1738 Bertrandi
1370 1707 1406 1738 de
1424 1707 1592 1739 Guiscardo
1607 1717 1680 1739 can.
1701 1708 1849 1748 praeben.
1867 1709 1947 1740 eccl.
1965 1709 2006 1741 de
2023 1718 2050 1741 s.
2078 1710 2203 1749 Felice,
2220 1711 2380 1743 Tolosan-

775 1760 833 1797 di.,
855 1760 942 1791 conf.
960 1760 1096 1799 paroch.
1115 1761 1197 1791 eccl.
1222 1769 1248 1792 s.
1273 1761 1413 1792 Genesii
1430 1770 1535 1801 prope
1551 1762 1836 1800 Montcmcucum‚
1857 1762 2035 1794 Caturcen.
2055 1763 2115 1800 di.,
2135 1772 2207 1806 vac,
2226 1773 2287 1805 per
2302 1765 2384 1797 resi·

775 1813 968 1854 gnationem
985 1814 1165 1845 Guiscardi
1182 1814 1222 1845 de
1240 1814 1440 1852 Guiscardo,
1461 1814 1578 1846 fratris
1596 1815 1661 1851 sui,
1681 1824 1734 1855 ap.
1751 1815 1784 1847 S.
1804 1816 1844 1847 A.
1864 1816 2001 1848 factam.
2015 1835 2054 1839 —
2067 1817 2095 1848 Ι.
2112 1826 2141 1848 e.
2157 1826 2202 1853 m.
2221 1817 2297 1850 abb.
2312 1826 2384 1851 mo-

776 1869 861 1898 nast.
881 1867 921 1898 de
938 1877 965 1898 s.
983 1867 1166 1898 Saturnino
1184 1868 1357 1905 Tolosam,
1378 1870 1411 1899 et
1436 1868 1598 1900 Ratherio
1622 1869 1662 1900 de
1680 1869 1896 1907 Miramonte,
1916 1869 2065 1908 Albien.,
2083 1879 2122 1902 ac
2136 1872 2324 1903 Bertrando
2340 1872 2382 1904 de

777 1930 803 1951 s.
822 1921 981 1958 Genesio,
997 1921 1229 1961 Engolismen.
1247 1922 1327 1953 eccl.
1347 1931 1419 1953 can.
1439 1922 1490 1960 (A.
1508 1924 1539 1959 9,
1559 1922 1582 1953 f.
1605 1924 1664 1954 154
1679 1927 1712 1960 ³3
1741 1922 1777 1954 V.
1795 1924 1846 1960 68,
1863 1931 1916 1963 ep.
1936 1925 2040 1963 1063.)

822 1972 932 2002 7163.
951 1993 988 1997 -
999 1974 1166 2015 Archiep.0
1182 1974 1290 2005 Pisan.
1308 1976 1420 2006 mand.
1436 1977 1472 2006 ut
1491 1976 1665 2015 dispenset
1679 1977 1808 2015 Lapum
1824 1977 1981 2012 Anirani,
1997 1978 2115 2008 natum
2130 1978 2255 2018 quond.
2268 1979 2383 2016 Pucci,

778 2031 808 2059 et
826 2028 976 2064 Dutiam‚
999 2029 1112 2058 natam
1130 2029 1253 2067 quond.
1269 2029 1445 2068 Paganelli
1459 2029 1618 2069 Rugarri,
1636 2029 1728 2060 cives
1737 2029 1984 2069 Pisan.‚super
1997 2031 2196 2070 cognatione
2212 2032 2386 2072 spirituali

778 2082 810 2111 in
836 2082 983 2112 matrim.
1004 2082 1092 2112 inter
1110 2090 1168 2112 eos
1184 2082 1379 2122 ignoranter
1391 2084 1576 2114 contracto.
1595 2082 1645 2120 (A.
1662 2085 1692 2120 9,
1709 2083 1733 2113 f.
1748 2084 1807 2115 100
1822 2083 1854 2121 ¹³3
1882 2083 1913 2113 V.
1930 2085 1981 2119 68,
1998 2092 2052 2124 ep.
2073 2084 2178 2124 ¹239.)

823 2132 933 2163 7164.
953 2152 991 2156 -
1006 2134 1307 2175 ΕροΗίἰόεεενηεη.
1326 2137 1439 2167 mand.
1458 2138 1495 2167 ut
1511 2136 1698 2167 Henricum
1711 2136 1926 2177 Brimunghi,
1945 2137 2058 2177 presb.
2076 2147 2146 2170 suae
2167 2138 2227 2176 di.,
2248 2139 2387 2179 dispen-

780 2190 832 2219 set
850 2196 951 2228 super
967 2188 1218 2228 irregularitate
1237 2190 1373 2221 incursa
1390 2198 1432 2221 ex
1448 2198 1487 2220 eo
1509 2189 1600 2229 quod
1627 2189 1714 2229 ipse.
1732 2191 1914 2230 antequam
1931 2195 2024 2221 x1v'·
2039 2199 2109 2223 suae
2128 2192 2239 2224 aetatis
2259 2201 2386 2224 annum

778 2242 976 2281 peregisset,
988 2242 1030 2272 ad
1047 2242 1242 2273 mandatum
1254 2242 1386 2283 cujusd.
1396 2251 1466 2274 suae
1478 2252 1640 2278 novercae,
1656 2243 1710 2274 cui
1724 2243 1902 2275 obediebat
1912 2246 1951 2276 ut
1961 2245 2075 2280 matri,
2088 2245 2176 2277 dixit
2187 2245 2388 2278 custodibus

777 2295 923 2327 carceris
937 2297 974 2326 ut
992 2297 1148 2326 caverent
1164 2298 1196 2327 et
1214 2296 1425 2328 custodirent
1442 2305 1483 2327 ne
1501 2297 1640 2336 quidam
1658 2297 1693 2328 in
1709 2297 1799 2328 dicto
1813 2306 1946 2329 carcere
1965 2298 2118 2330 existens
2134 2299 2291 2339 captivus
2306 2299 2387 2331 effu-

777 2350 880 2389 geret,
896 2349 954 2388 qui
977 2349 1098 2380 deinde
1113 2349 1154 2380 ad
1175 2350 1331 2384 mortem,
1348 2350 1421 2381 suis
1438 2349 1655 2390 exigentibus
1672 2351 1796 2390 culpis,
1810 2360 1870 2390 per
1887 2351 2086 2383 saecularem
2102 2352 2233 2383 curiam
2251 2354 2386 2384 senten·

778 2402 963 2433 tentialiter
979 2402 1092 2433 extitit
1108 2403 1376 2443 condempnatus
1386 2413 1395 2440 3
1413 2404 1503 2435 idem
1521 2412 1602 2435 vero
1619 2403 1790 2435 Henricus
1809 2404 1852 2435 ad
1866 2413 1985 2436 omnes
2004 2405 2142 2436 ordines
2156 2413 2193 2437 se
2207 2406 2327 2445 postea
2341 2405 2389 2438 t'e-

777 2456 824 2486 cit
837 2455 1042 2495 promoveri,
1060 2456 1190 2487 nullam
1205 2456 1333 2488 habens
1351 2457 1600 2488 remordentem
1616 2457 1861 2488 conscientiam
1874 2458 1916 2489 de
1930 2458 2113 2498 praedictis.
2130 2458 2184 2499 (A.
2200 2461 2231 2496 9,
2245 2459 2269 2490 f.
2284 2460 2344 2492 41³
2354 2464 2386 2498 *ς

786 2509 818 2539 V.
837 2510 888 2546 es,
907 2517 960 2548 ep.
983 2509 1088 2548 1565.)

825 2559 936 2590 7165.
954 2579 992 2584 -
1007 2562 1099 2592 Petro
1118 2562 1154 2593 de
1170 2562 1274 2600 Costa,
1295 2563 1402 2595 famil.
1421 2564 1534 2595 Sancii
1551 2564 1641 2604 regis
1658 2564 1911 2606 Maj0ricarum,
1935 2573 2068 2600 canon„
2086 2564 2191 2604 praeb.
2211 2567 2244 2597 et
2258 2573 2390 2606 praepo·

780 2616 924 2646 situram
940 2616 1069 2646 mensis
1085 2616 1292 2652 novembris,
1311 2626 1385 2657 quae
1403 2619 1558 2649 mensata
1574 2618 1761 2658 vulgariter
1775 2619 1991 2658 nuncupatur
2006 2619 2040 2649 et
2054 2627 2116 2650 nec
2129 2618 2221 2659 dign.
2240 2627 2301 2650 nec
2313 2627 2390 2659 per-

780 2670 921 2700 sonatus
939 2669 1068 2707 existit,
1083 2669 1118 2700 in
1133 2670 1350 2702 Valentinen.
1367 2671 1447 2702 eccl.
1467 2670 1647 2709 obtinenti,
1665 2671 1892 2712 Raymundus
1904 2680 2002 2711 ep.us
2017 2671 2190 2704 Valentin.
2203 2671 2386 2704 archidiac.

779 2722 924 2760 Xativae,
941 2731 1018 2753 cum
1037 2723 1184 2762 quadam
1203 2724 1337 2763 paroch.
1358 2725 1439 2756 eccl.
1457 2724 1523 2756 eid.
1548 2733 1692 2763 annexa,
1709 2725 1745 2756 in
1759 2725 1922 2765 praedicta
1936 2725 2032 2762 ech,
2051 2726 2131 2756 tunc
2145 2734 2218 2757 vac.
2233 2727 2266 2757 et
2281 2725 2324 2757 ad
2339 2725 2388 2766 ip·
2407 2764 2410 2768 ι

780 2776 854 2806 sius
873 2775 985 2806 collat.
1004 2777 1224 2815 spectantem,
1241 2777 1340 2808 duxit
1359 2779 1446 2814 auct,
1471 2778 1643 2809 ordinaria
1659 2778 1912 2810 conferendum.
1932 2778 2017 2810 Cum
2034 2780 2149 2810 autem
2164 2778 2200 2809 in
2218 2778 2388 2819 principio

781 2829 1000 2869 apprehensae
1020 2830 1252 2868 possessionis
1281 2831 1347 2862 eid.
1376 2831 1479 2863 Petro
1498 2840 1602 2871 super
1618 2831 1708 2863 dicto
1729 2831 1912 2863 archidiac.
1928 2831 2072 2871 quaestio
2088 2833 2295 2869 moveretur,
2314 2841 2389 2872 quae

780 2882 888 2914 adhuc
905 2891 959 2922 ap.
978 2883 1011 2914 S.
1029 2883 1070 2915 A.
1087 2883 1285 2922 ventilatur,
1305 2884 1351 2915 id.
1370 2893 1480 2925 ep-us,
1498 2885 1606 2916 adhuc
1621 2885 1753 2923 vivens,
1772 2886 1810 2916 ut
1825 2884 2087 2925 praeposituram
2103 2885 2212 2916 eamd.
2229 2894 2298 2917 una
2313 2894 2390 2917 cum

780 2936 975 2974 archidiac,
993 2945 1112 2968 canon.
1133 2938 1166 2968 et
1182 2937 1286 2977 praeb.
1314 2938 1486 2977 praedictis
1503 2938 1614 2970 dictus
1643 2938 1768 2970 Petrus
1785 2939 1902 2978 posset
1919 2938 2015 2969 licite
2036 2938 2195 2977 retinere,
2221 2939 2388 2979 quantum

780 2990 907 3029 dejure
922 2989 1045 3030 potuit,
1063 2990 1277 3030 dispensavit
1284 3000 1293 3028 ;
1312 3000 1430 3022 verum
1442 2991 1516 3032 ipse
1533 2991 1669 3030 Petrus,
1685 2992 1810 3024 timens
1826 3000 1868 3023 ne
1878 2991 2074 3032 hujusmodi
2090 2991 2243 3032 dispens.
2259 2991 2392 3023 insuffi-
