2592 3562
405 315 464 346 156

437 406 542 434 Datum
558 400 743 435 Avenione.

407 507 444 535 13
461 508 509 543 (111
532 508 584 542 id.)
601 509 669 536 maii
687 508 775 537 1318.

532 553 563 580 Τ.
581 553 640 580 Xll.

550 668 587 696 Ut
603 677 627 695 s.

499 712 530 740 T.
545 712 591 744 XI,
611 712 681 740 XIII.

542 988 578 1016 Ut
603 996 626 1016 s.
649 1009 652 1012 .

482 1033 512 1059 T.
534 1033 605 1067 xlv,
622 1024 693 1059 xvi.

536 2058 572 2085 Ut
591 2066 614 2085 s.

514 2102 544 2128 T.
566 2102 634 2129 XVI.

537 2270 573 2299 Ut
589 2280 613 2299 s.

521 2316 551 2342 T.
569 2317 628 2344 XII.

379 2377 427 2405 Aa
452 2379 485 2413 (11
508 2379 562 2409 id.)
581 2382 648 2408 maii
671 2381 759 2410 1318.

540 2591 578 2620 Ut
592 2601 616 2620 s.

532 2703 568 2731 Ut
587 2712 612 2731 s.

515 2749 546 2775 T.
561 2749 626 2776 11¹¹.

531 2865 567 2893 Ut
585 2874 608 2893 s.

497 2911 528 2937 T.
549 2911 643 2938 XXVI.

813 312 987 344 JOANNIS
1010 313 1130 344 PAPAE
1152 313 1254 344 XXII.
1279 315 1528 352 (1316-1334).
1551 331 1588 337 —
1612 313 1799 344 LITTERAE
1821 312 2047 345 COMMUNES

876 509 987 542 7194.
1003 530 1042 535 -
1061 512 1171 543 Pontio
1184 511 1221 542 de
1237 510 1408 547 Parazolis,
1425 510 1510 542 civit.
1529 510 1637 552 ἠερίη.
1653 511 1687 541 in
1704 510 1851 542 Calabria
1873 510 2046 552 capitaneo,
2064 510 2177 542 mand.
2193 511 2231 542 ut
2246 519 2265 542 a
2282 509 2435 551 qualibet

831 567 979 598 novitate
1002 566 1035 597 in
1061 565 1153 596 civit.
1175 565 1298 604 Regin.
1325 566 1358 596 et
1373 564 1477 596 terris
1496 565 1538 596 'ac
1562 564 1686 596 castris
1710 564 1893 604 provinciae
1916 563 2082 596 Calabriae
2103 563 2171 595 sibi
2186 564 2381 595 commissis
2397 572 2434 595 se

830 619 1010 650 abstineat.
1027 619 1080 659 (A.
1100 621 1131 654 9,
1150 618 1172 649 f.
1192 620 1247 649 111
1266 623 1294 652 ³:
1320 616 1353 649 V.
1367 619 1420 655 67,
1436 626 1489 658 ep.
1506 619 1562 650 941
1582 618 1637 658 A.)

875 670 985 701 ⁷195.
1004 689 1042 695 —
1059 672 1196 712 Auyerio
1219 669 1368 711 Matsredi
1390 670 1478 702 conf.
1498 671 1633 711 paroch.
1662 670 1742 702 eccl.
1772 670 1812 701 de
1837 670 2040 710 Felgueriis‚
2066 670 2232 701 Biterren.
2251 669 2311 703 di..
2331 677 2433 710 quam

826 726 924 765 Juxta
941 725 1076 756 constit.
1094 733 1197 764 super
1219 724 1342 764 plural.
1365 724 1476 756 benef.
1503 724 1729 764 Raymundus
1747 723 1919 760 maffredi,
1937 723 2082 755 sacrista
2103 722 2186 755 eccl.
2210 722 2379 754 Lodoven.
2400 723 2434 754 et

830 779 932 810 frater
948 778 1027 809 dicti
1041 778 1192 818 Augerii,
1208 777 1298 818 apud
1311 778 1346 810 S.
1365 779 1406 809 A.
1422 777 1567 815 dimisit,
1585 777 1715 809 consid.
1734 777 1943 817 Berengarii,
1957 777 2024 817 ep.i
2037 776 2242 813 Tusculani;
2260 784 2327 807 non
2343 775 2431 807 obst.

829 832 862 862 in
888 832 1056 863 Lodoven.
1076 831 1156 863 eccl.
1173 839 1291 862 canon.
1308 832 1342 862 et
1357 830 1474 871 praeb.,
1491 840 1529 862 ac
1551 830 1698 870 quodam
1715 829 1825 861 benef.
1844 838 1872 861 s.
1891 838 1920 861 c.
1939 829 1974 861 in
1993 829 2039 861 di.
2054 829 2224 861 Lodoven.
2239 847 2276 852 -
2293 828 2319 860 Ι.
2337 837 2366 860 e.
2385 837 2432 860 m.

828 884 903 915 abb.
925 888 1070 916 monast.
1089 884 1334 923 Villaemagnae,
1357 885 1523 916 Biterren.
1549 884 1610 922 di.,
1631 885 1663 915 et
1684 884 1841 922 praecent.
1868 882 2054 919 Lodoven.,
2073 891 2111 914 ac
2133 882 2234 914 Petro
2254 881 2432 919 Bet-nardi,

827 947 899 969 can.
916 938 1070 969 Anicien.
1090 938 1171 969 eccl.
1190 937 1243 978 (A.
1262 939 1293 973 9,
1311 937 1334 968 f.
1349 939 1390 970 49
1404 943 1435 975 ·;
1458 937 1490 967 V.
1507 938 1558 975 68,
1576 946 1628 976 ep.
1646 935 1752 976 1061.)

873 989 981 1020 7196.
1001 1008 1038 1013 -
1058 991 1148 1022 Petro
1166 991 1203 1022 de
1215 1001 1239 1021 s.
1256 990 1414 1028 Medardo,
1433 1000 1513 1021 mon.
1528 994 1658 1021 monast.
1675 989 1860 1026 crudacen„
1873 988 1908 1019 0.
1925 988 1960 1020 S.
1975 989 2029 1026 B.,
2047 987 2200 1019 Vivarien.
2219 988 2264 1020 di.
2280 988 2432 1024 Dudum,

827 1045 966 1076 obtentu
980 1054 1011 1077 n.
1030 1054 1060 1075 v.
1078 1045 1239 1076 Gratonis
1256 1045 1327 1076 d.ni
1343 1045 1383 1075 de
1401 1044 1568 1079 clariaco,
1586 1043 1653 1074 sibi
1670 1042 1780 1083 gratia
1797 1042 1884 1074 fucta
1902 1042 1967 1074 fuit
1982 1050 2078 1082 exsp.
2095 1041 2208 1074 benef.
2222 1042 2326 1074 eliam
2344 1041 2432 1083 prio-

827 1100 888 1130 rat.
906 1107 965 1129 seu
983 1098 1176 1130 administr.
1195 1098 1359 1138 cujusvis,
1379 1098 1529 1129 consueti
1549 1106 1609 1136 per
1626 1105 1718 1127 mon.
1737 1096 1819 1127 dicti
1835 1097 1981 1127 monast.
2001 1095 2094 1136 gub.,
2109 1095 2152 1127 ad
2169 1095 2284 1127 collat.
2304 1094 2380 1127 abb.
2398 1095 2433 1127 et

826 1161 921 1183 conv.
942 1152 1050 1192 ejusd.
1069 1153 1214 1183 monast.
1234 1151 1371 1192 pertin„
1389 1152 1462 1191 (100
1481 1151 1503 1182 1.
1524 1153 1579 1189 t.>;
1599 1150 1657 1181 sed
1676 1159 1752 1181 cum
1773 1149 1809 1181 in
1831 1149 2027 1190 hujusmodi
2045 1149 2166 1190 gratia,
2184 1150 2222 1181 ut
2240 1148 2331 1180 infra
2347 1148 2432 1181 certi

824 1206 990 1245 temporis
1007 1206 1157 1246 spatium
1176 1205 1372 1246 hujusmodi
1395 1205 1523 1236 valeret
1544 1203 1657 1235 benef.
1679 1205 1867 1243 acceptare,
1887 1203 2002 1243 aliqua
2019 1203 2148 1234 mentio
2166 1211 2233 1234 non
2247 1202 2313 1234 ruit
2330 1201 2430 1238 fecta,

824 1261 857 1290 et
873 1262 1011 1299 propter
1024 1260 1224 1291 tenuitatem
1244 1258 1438 1298 aliquorum
1456 1258 1568 1289 benef.
1586 1257 1628 1288 ad
1644 1257 1737 1288 eosd.
1754 1255 1831 1301 abb.
1856 1258 1890 1288 et
1906 1265 2002 1288 conv.
2024 1256 2264 1297 spectantium,
2280 1256 2354 1296 ipse
2369 1255 2432 1287 du-

823 1312 909 1344 bitat
931 1322 971 1344 ne
990 1314 1064 1352 ipsa
1082 1313 1192 1353 gratia
1213 1312 1280 1343 sibi
1301 1311 1514 1343 infructuosa
1535 1311 1706 1343 reddatur,
1729 1310 1810 1345 PP..
1829 1310 1939 1341 eamd.
1954 1309 2099 1350 gratiam
2116 1309 2283 1349 ampliare
2300 1308 2430 1347 volens,

823 1366 947 1403 benef„
966 1367 1069 1398 etiam
1087 1366 1116 1397 si
1135 1365 1318 1406 prioratus,
1336 1365 1390 1396 off.
1410 1374 1469 1395 seu
1487 1364 1682 1395 administr.
1706 1363 1821 1401 fuerit,
1838 1363 1880 1394 ad
1897 1364 2050 1394 eorumd.
2068 1363 2194 1399 collat.,
2213 1363 2322 1403 ejusd.
2341 1362 2432 1395 valo·

824 1420 884 1458 riS,
904 1429 976 1451 vac.
992 1422 1049 1451 aut
1067 1421 1188 1456 vacat„
1205 1419 1295 1459 quod
1313 1418 1403 1449 infra
1419 1418 1522 1449 unius
1534 1418 1665 1449 mensis
1681 1417 1830 1457 spatium
1849 1417 1984 1448 duxerit
1999 1416 2255 1456 acceptandum,
2273 1416 2340 1447 eid.
2356 1423 2433 1448 con-

825 1474 1000 1505 ferendum
1020 1474 1182 1505 reservat.
1208 1491 1246 1496 —
1269 1473 1296 1503 Ι.
1322 1481 1350 1503 e.
1376 1481 1421 1503 m.
1440 1471 1516 1502 abb.
1536 1473 1682 1502 monast.
1710 1479 1738 1502 s.
1769 1471 1913 1502 Andreae
1929 1470 2172 1502 monachorum
2193 1469 2374 1506 viennen..
2397 1469 2432 1501 et

824 1527 931 1566 priori
947 1527 987 1558 de
1006 1535 1032 1558 S.
1052 1527 1197 1563 Donato,
1214 1526 1379 1557 Viennen.
1400 1525 1460 1562 di.,
1476 1533 1514 1555 ac
1529 1524 1656 1555 archid.
1671 1523 1847 1555 Vivarien.
1864 1523 1919 1564 (A.
1935 1525 1967 1560 9,
1989 1523 2012 1555 f.
2029 1523 2068 1554 87
2083 1528 2115 1561 ²3
2136 1523 2172 1555 V.
2187 1523 2239 1558 68,
2255 1531 2308 1563 ep.
2326 1521 2431 1562 1172.)

870 1577 980 1608 7197.
999 1597 1038 1602 -
1055 1579 1142 1620 Epo
1167 1578 1328 1610 Belvacen.
1351 1578 1464 1610 mand.
1482 1579 1519 1608 ut
1543 1586 1608 1608 non
1631 1577 1795 1617 impediat
1819 1577 1983 1608 decanum
2002 1576 2083 1608 eccl.
2108 1576 2285 1608 Belvacen.
2303 1578 2338 1608 et
2357 1575 2431 1608 offi-

825 1634 928 1665 ciales
947 1634 1021 1673 ejus
1036 1633 1220 1672 quominus
1236 1633 1271 1663 in
1290 1632 1383 1663 civit.
1402 1632 1579 1663 Belvacen.
1601 1632 1633 1662 et
1648 1630 1854 1671 quibusdam
1874 1631 1959 1662 locis
1976 1630 2022 1661 di.
2041 1630 2257 1670 spiritualem
2270 1629 2430 1670 jurisdic-

822 1688 962 1724 tionem,
981 1696 1082 1727 quam
1109 1687 1141 1717 in
1161 1687 1263 1717 cerlis
1279 1685 1416 1717 casibus
1437 1685 1478 1716 ab
1506 1685 1646 1724 antiquo
1667 1684 1897 1720 obtinuerunt,
1918 1685 2109 1715 exerceant.
2126 1683 2180 1724 (A.
2196 1685 2228 1720 9,
2247 1683 2271 1714 f.
2293 1684 2352 1715 165
2367 1688 2382 1704 ⁸
2395 1684 2429 1715 ot

822 1743 879 1773 231
894 1747 923 1779 ³3
946 1741 980 1772 V.
1001 1742 1050 1777 68,
1068 1750 1120 1780 ep.
1147 1741 1250 1778 1254.)

868 1792 978 1823 7198.
994 1813 1032 1817 -
1052 1793 1240 1834 Arehicp.us
1258 1793 1444 1828 Bituricen.,
1462 1801 1548 1832 ep.us
1571 1791 1717 1832 Bajocen.
1732 1801 1767 1821 ac
1785 1790 1904 1822 archid.
1930 1791 2082 1822 parisien.
2101 1791 2226 1822 dantur
2244 1791 2282 1822 ut
2295 1789 2429 1830 judiees

821 1850 1078 1880 conservatores
1099 1847 1224 1878 decano
1246 1846 1327 1877 eccl.
1354 1846 1547 1882 Belvacen.,
1574 1845 1631 1884 qui
1650 1845 1833 1885 quominus
1859 1844 2074 1884 spiritualem
2094 1844 2369 1884 jurisdictionem
2391 1843 2428 1875 in

820 1902 912 1933 civit.
942 1902 1118 1932 Belvacen.
1138 1902 1170 1931 et
1189 1899 1394 1940 quibusdam
1418 1899 1503 1930 locis
1526 1898 1702 1930 Belvacen.
1720 1898 1766 1929 di.
1786 1900 1953 1934 exerceat,
1972 1897 2015 1928 ab
2032 1897 2208 1937 aliquibus
2225 1897 2426 1938 impeditur;

820 1956 937 1995 eisque
961 1955 1142 1986 mandatur
1164 1954 1255 1993 quod
1271 1953 1510 1984 molestatores
1530 1954 1562 1984 et
1578 1952 1804 1991 impedientes
1822 1951 2018 1990 hujusmodi
2044 1951 2273 1991 appellatione
2290 1946 2426 1992 postpo-

820 2009 886 2040 sita
899 2010 1125 2048 compescant.
1144 2007 1197 2048 (A.
1213 2009 1243 2043 9,
1261 2007 1284 2037 f.
1301 2007 1361 2037 228
1374 2012 1388 2027 ⁸
1405 2007 1438 2037 et
1453 2007 1513 2037 275
1529 2011 1557 2043 ³;
1580 2005 1616 2036 V.
1632 2006 1683 2044 68,
1701 2014 1754 2044 ep.
1773 2003 1877 2044 1255.)

865 2058 975 2089 7199.
992 2077 1029 2082 —
1047 2059 1178 2090 Nicolao
1204 2059 1404 2090 Chotkarello
1425 2065 1453 2089 et
1469 2058 1630 2096 Nicolosae,
1649 2061 1736 2090 natae
1754 2058 1894 2090 Rizardi
1916 2057 2097 2094 Picanulii,
2114 2057 2247 2089 civibus
2266 2058 2425 2097 Januen.‚

818 2115 970 2154 dispens.
990 2123 1082 2145 conc.
1102 2115 1138 2145 ut
1159 2114 1308 2144 matrim.
1329 2112 1527 2144 contrahere
1547 2113 1694 2149 valeant,
1719 2112 1799 2143 licet
1822 2111 1986 2143 Nicolaus
2001 2111 2164 2151 praefatus
2181 2113 2213 2142 et
2233 2111 2426 2149 Catherina,

819 2172 897 2199 nala
916 2168 1040 2207 quond.
1066 2167 1199 2198 Nicolai
1219 2167 1380 2206 Spinulae.
1407 2166 1474 2197 eid.
1504 2165 1673 2197 Nicolosae
1692 2170 1744 2196 111⁰
1772 2165 1993 2205 consanguin.
2011 2164 2118 2205 gradu
2133 2165 2322 2204 conjuncta,
2341 2165 2425 2197 olim

820 2222 993 2262 sponsalia
1013 2221 1208 2260 impuberes
1223 2221 1473 2251 contraxerant.
1489 2220 1543 2259 (A.
1560 2221 1609 2253 10,
1627 2219 1649 2249 f.
1666 2221 1726 2250 329
1741 2218 1774 2255 ¹³3
1802 2218 1834 2248 V.
1851 2219 1902 2254 68,
1919 2226 1972 2258 ep.
1988 2217 2094 2258 2277.)

865 2272 972 2304 7200.
995 2293 1031 2297 -
1049 2274 1221 2308 ιεοηανάο,
1238 2284 1306 2315 ep.o
1326 2273 1524 2311 Cathanien„
1543 2272 1708 2313 indulget.
1733 2274 1770 2303 ut
1786 2280 1895 2312 usque
1914 2272 1955 2303 ad
1974 2271 2152 2303 biennium
2169 2272 2211 2303 ad
2227 2271 2308 2303 eccl.
2327 2279 2425 2304 suam

820 2328 1045 2369 personaliter
1063 2328 1220 2359 accedere
1239 2328 1381 2358 minime
1401 2328 1568 2358 teneatur.
1589 2326 1642 2366 (A.
1663 2327 1712 2362 10,
1736 2326 1756 2356 f.
1778 2327 1838 2357 330
1853 2331 1886 2362 ·;
1910 2325 1945 2356 V.
1961 2326 2013 2362 68,
2031 2334 2083 2365 ep.
2103 2324 2209 2364 2279.)

864 2380 974 2411 7201.
994 2400 1030 2404 -
1046 2382 1138 2411 Petro
1153 2381 1189 2411 de
1206 2380 1358 2411 Turicella
1374 2380 1461 2411 conf.
1480 2379 1614 2419 paroch.
1638 2379 1718 2410 eccl.
1737 2379 1777 2410 de
1793 2379 1910 2416 Galve,
1930 2379 2226 2418 Caesaraugustau.
2243 2378 2304 2415 di.,
2321 2386 2425 2418 quam

818 2437 1033 2469 Raimundus
1049 2436 1088 2466 de
1108 2435 1222 2475 Spello
1236 2435 1335 2474 Juxta
1352 2434 1487 2465 constit.
1506 2442 1610 2473 super
1623 2433 1746 2473 plural.
1764 2432 1876 2463 benef.
1895 2431 2042 2468 dimisit3
2060 2431 2188 2463 consid.
2209 2441 2242 2463 n.
2261 2440 2292 2463 v.
2308 2431 2425 2463 Jacobi

819 2491 909 2531 regis
933 2492 1139 2529 Aragonum.
1164 2507 1200 2511 —
1223 2489 1250 2519 Ι.
1278 2497 1307 2520 e.
1334 2497 1380 2519 m.
1407 2496 1483 2527 ep.o
1506 2487 1640 2524 Oscen„
1672 2488 1706 2518 et
1739 2485 1867 2516 archid.
1891 2485 2023 2517 Turolii
2048 2485 2356 2525 Caesaraugustam,
2385 2493 2424 2516 ac

819 2544 970 2576 sacristae
987 2543 1107 2575 oscen.
1127 2541 1206 2573 eccl.
1235 2541 1288 2582 (V.
1309 2543 1359 2578 67,
1380 2550 1432 2581 ep.
1454 2543 1540 2574 916.)

864 2595 972 2626 7202.
999 2615 1037 2619 -
1058 2596 1152 2626 Petro
1172 2595 1338 2635 Marquesii
1358 2594 1446 2625 conf.
1472 2593 1607 2634 paroch.
1629 2593 1711 2624 eccl.
1736 2593 1777 2624 de
1798 2592 1913 2633 Signa,
1936 2592 2230 2631 caesaraugustan.
2252 2591 2312 2627 di.,
2333 2593 2372 2624 ut
2393 2600 2423 2624 s.

817 2660 902 2688 vac„
924 2650 1057 2690 reliqua
1072 2650 1110 2680 ut
1127 2657 1155 2679 s.
1176 2648 1229 2687 (V.
1247 2650 1299 2686 67,
1314 2657 1367 2687 ep.
1383 2649 1470 2686 917.)

863 2701 973 2733 7203.
992 2721 1031 2726 -
1047 2702 1180 2733 ‚loannes
1194 2710 1285 2732 mon.
1303 2703 1447 2733 monast.
1466 2700 1630 2737 Casaedei,
1655 2700 1698 2731 ad
1716 2700 1756 2731 R.
1783 2699 1822 2731 E.
1841 2698 1936 2730 nullo
1966 2698 2080 2729 medio
2101 2698 2238 2738 pertin„
2262 2698 2301 2730 Ο.
2321 2697 2354 2730 S.
2368 2698 2423 2736 B.,
2441 2735 2443 2737 ,

819 2758 1070 2789 Claromonten.
1088 2756 1146 2793 di.,
1170 2755 1206 2786 fit
1223 2755 1299 2786 abb.
1319 2755 1427 2794 ejusd.
1445 2755 1591 2785 monast.
1610 2755 1687 2793 post
1711 2753 1794 2784 obit.
1811 2751 1979 2792 Hugonis,
2001 2760 2054 2791 ap.
2077 2751 2110 2783 S.
2138 2752 2179 2783 A.
2206 2751 2369 2783 defuncti.
2384 2769 2424 2775 —

816 2812 842 2842 Ῑ,
860 2820 888 2843 e.
907 2820 952 2842 m.
970 2819 1065 2842 conv.
1084 2809 1192 2850 ejusd.
1211 2809 1355 2839 monast.
1373 2808 1427 2847 (A.
1443 2810 1474 2844 9,
1494 2807 1517 2839 f.
1536 2809 1577 2839 40
1593 2806 1629 2844 ¹¹5
1651 2807 1687 2838 V.
1710 2808 1760 2842 67,
1780 2815 1832 2846 ep.
1852 2807 1938 2844 977.)

861 2861 972 2894 7204.
991 2881 1030 2886 -
1043 2863 1202 2904 Maqistris
1218 2861 1344 2902 Huyom'
1361 2861 1397 2892 de
1414 2860 1588 2898 Mirabello,
1605 2870 1673 2891 can.
1691 2859 1904 2897 Ebredunen.,
1928 2863 1958 2889 et
1975 2857 2109 2889 Geraldo
2125 2857 2292 2899 Danqlars,
2309 2857 2424 2888 rectori

816 2918 888 2949 eccl.
913 2917 949 2948 de
974 2916 1100 2954 villula,
1123 2926 1159 2946 ac
1176 2915 1307 2947 Ger-aldo
1329 2914 1366 2945 de
1389 2914 1581 2955 Campimulo
1603 2913 1675 2944 cler.
1697 2913 1863 2944 catur-cen.
1883 2911 1928 2942 di.
1953 2911 2004 2943 Ad
2028 2911 2203 2952 negotium
2225 2910 2423 2951 acquisitio·
2475 2910 2477 2912 ’
2515 2893 2530 2899 ⁷

815 2973 870 3003 nis
887 2971 981 3011 regni
997 2971 1154 3002 Granatae
1169 2968 1455 3009 prosequendum,
1484 2968 1642 2999 Clemens
1662 2967 1731 2998 PP.
1751 2967 1780 2997 V
1802 2965 1928 2997 Jacobo
1947 2965 2019 3005 regi
2041 2967 2235 3003 Aragonum
2253 2965 2421 2996 decimam

814 3024 1123 3057 ecclesiasticorum
1146 3022 1339 3054 reddituum
1360 3030 1541 3061 regnorum
1560 3029 1713 3058 suorum,
1731 3019 1895 3051 Sardiniae
1910 3020 1944 3050 et
1959 3018 2106 3050 Corsicae
2122 3018 2237 3058 regnis
2253 3017 2419 3057 exceptis,
