2592 3562
230 392 335 420 Datum
358 386 542 421 Avenione.

238 492 256 520 7
267 493 360 530 (non.)
371 493 429 528 jul.
446 493 535 521 1319.

293 538 325 566 Τ.
341 537 388 571 XI,
404 537 478 565 XIII.

213 812 232 841 8
249 815 316 849 (vm
331 812 383 844 id.)
393 812 452 847 101.
469 812 558 840 1319.

311 857 342 884 T.
363 857 410 884 xx
421 856 459 893 (a)

348 1025 385 1053 Ut
400 1034 424 1053 0.

334 1069 365 1097 T.
380 1070 439 1097 XII.

348 1184 383 1212 Ut
401 1193 424 1212 s.

324 1229 354 1256 T.
376 1229 446 1256 XVI.

348 1343 384 1371 Ut
399 1352 422 1371 s.

228 1387 276 1415 Gr.
294 1395 347 1423 pro
365 1396 443 1423 pers.
463 1389 543 1417 card.

346 1502 384 1530 Ut
403 1511 426 1530 s.

314 1547 345 1574 T.
366 1547 460 1574 XXIV.

348 1874 386 1902 Ut
404 1882 430 1902 s.

222 1929 226 1932 -
291 1918 322 1946 Τ.
343 1919 390 1953 XI,
407 1919 479 1947 XIII.

347 2141 385 2169 Ut
402 2149 426 2169 s.

295 2185 326 2213 Τ.
346 2185 394 2218 XI,
412 2186 485 2213 XIII.

348 2406 385 2435 Ut
401 2415 425 2435 s.

296 2450 327 2479 T.
346 2451 392 2486 xl,
411 2451 485 2480 XIII.

352 2725 389 2754 ut
403 2734 427 2753 s.

298 2769 330 2797 T.
345 2770 391 2804 XI,
406 2770 478 2798 XIII.

351 2937 390 2966 Ut
404 2945 429 2966 ε.

296 2982 327 3011 Τ.
343 2981 391 3017 XI,
404 2981 476 3013 XIII.

599 300 773 332 JOANNIS
796 300 915 331 PAPAE
936 300 1038 331 XXII.
1063 302 1312 341 (1316-1334).
1334 320 1373 326 —
1394 303 1579 335 LITTERAE
1602 305 1825 339 COMMUNES

670 486 781 518 9706.
804 507 842 512 —
858 489 974 520 Joanm'
989 489 1093 520 Lantae
1106 489 1143 520 de
1161 489 1351 526 Garisendis,
1365 491 1436 522 cler.
1450 491 1635 526 Bononien„
1648 494 1756 532 gratia
1769 503 1865 535 exsp.
1879 495 1989 528 benef.
2003 507 2031 529 c.
2043 508 2071 530 0.
2083 499 2137 531 vel
2150 509 2178 532 s.
2191 509 2220 532 c.

626 543 763 574 etiamsi
778 543 869 582 dign.
888 543 941 574 vel
957 544 1160 582 personatus
1172 543 1309 580 existat,
1325 544 1366 574 ad
1378 544 1492 575 collat.
1504 545 1702 583 patriarchae
1717 547 1918 588 Aquilegen.
1933 550 2071 589 pertin„
2082 552 2118 583 in
2128 552 2220 584 civit.

625 596 680 627 vel
694 596 740 627 di.
758 595 970 636 Aquilegen};
989 596 1119 627 consid.
1136 604 1168 627 n.
1192 605 1223 626 v.
1245 596 1361 627 Lantae
1381 597 1421 627 de
1441 597 1654 635 Gmisendis,
1680 599 1766 633 mil..
1784 600 2041 633 ambasciatoris
2056 605 2173 644 populi
2189 606 2223 637 et

626 649 816 680 communis
845 649 1044 687 BononIen.,
1067 649 1176 689 patris
1199 649 1284 689 eJus.
1301 668 1339 672 —
1355 650 1382 680 Ι.
1411 658 1440 681 0.
1464 659 1509 681 m.
1526 650 1603 681 abb.
1618 654 1762 683 monast.
1779 661 1807 683 0.
1826 653 1962 685 Proculi
1978 656 2011 686 et
2026 656 2167 689 Andreae
2182 658 2222 689 de

626 702 788 734 Gallutiis
799 703 999 739 Bononien.‚
1018 711 1056 734 ac
1070 702 1192 734 Joanni
1211 703 1251 733 de
1268 703 1473 742 Montagine,
1490 704 1611 744 Regin.
1629 713 1702 736 can.
1717 706 1797 736 0001.
1814 706 1865 745 (A.
1882 708 1932 745 12,
1947 707 1970 738 f.
1986 709 2046 739 480
2064 708 2094 745 ¹’3
2120 709 2155 741 V.
2171 710 2222 746 69,

627 764 680 795 ep.
703 757 806 794 1418.)

672 805 782 837 9707.
802 827 839 832 --
857 808 1014 850 Aycardo,
1032 808 1190 849 αντ-10000
1201 806 1419 846 Mediolanen.‚
1439 809 1603 850 indulget.
1616 811 1653 842 ut
1665 811 1699 841 in
1712 811 1892 851 quibusvis
1906 813 1987 845 eccl.
2004 822 2065 845 seu
2079 817 2225 846 monast.

627 862 810 902 provinciae
832 862 1058 893 Mediolanen.
1080 861 1290 893 visitationis
1307 862 1458 894 officium
1478 863 1638 903 incipere,
1656 866 1688 895 et
1711 865 1901 896 reiterando
1927 867 2085 906 expedire
2102 868 2224 906 valeat,

628 924 704 947 cum
720 915 754 946 in
773 915 864 947 civit.
883 917 916 947 et
929 915 1087 946 districtu
1103 915 1330 946 Mediolanen.
1347 916 1577 952 ecclesiastico
1600 918 1789 957 suppositis
1805 918 1984 951 interdicto
1999 920 2149 952 residere
2168 929 2227 952 ne-

629 970 740 1008 queat.
759 969 811 1009 (A.
829 970 878 1005 12,
895 969 916 999 f.
933 970 974 1000 22
987 974 1017 1005 3,
1041 967 1075 1000 V.
1097 970 1148 1003 69,
1166 977 1219 1008 ep.
1237 969 1294 1000 901
1313 968 1368 1006 Α.)

672 1018 785 1050 9708.
802 1039 840 1044 -
854 1021 930 1053 Eid.
946 1021 1108 1062 indulget.
1120 1023 1169 1058 ut,
1186 1021 1328 1052 dicendo
1344 1021 1445 1053 horas
1463 1023 1643 1054 canonicas
1653 1023 1752 1063 juxta
1767 1024 1920 1056 ordinem
1935 1026 2097 1058 Romanae
2110 1026 2224 1065 curiae,

629 1075 671 1106 ad
689 1075 868 1106 dicendum
881 1075 968 1106 alias
978 1075 1080 1106 110130
1088 1075 1186 1115 juxta
1197 1075 1336 1106 modum
1350 1075 1429 1106 eccl.
1444 1084 1513 1106 suae
1527 1076 1752 1108 Mediolanen.
1771 1078 1911 1110 minime
1925 1080 2092 1112 teneatur.
2110 1079 2161 1119 (A.
2175 1081 2226 1118 12,

628 1128 652 1160 ἰ.
676 1129 716 1159 22
732 1133 765 1164 ³3
788 1128 823 1159 V.
844 1130 895 1165 69,
913 1137 966 1168 ep.
981 1129 1037 1160 901
1054 1128 1109 1166 Β.)

673 1179 784 1211 9709.
803 1199 842 1204 -
856 1181 932 1212 Eid.
945 1182 1108 1222 indulget.
1119 1183 1155 1213 ut
1165 1182 1262 1213 extra
1271 1181 1363 1212 civit.
1377 1182 1410 1212 et
1425 1181 1617 1213 districtum
1631 1183 1869 1221 Mediolanen„
1883 1184 2061 1217 interdicto
2072 1186 2225 1224 durante,

628 1235 779 1266 residere
794 1235 909 1275 ibique
920 1235 1193 1275 ,iurisdictionem
1205 1243 1303 1266 suam
1314 1235 1425 1265 valeat
1436 1243 1592 1266 exercere
1606 1244 1713 1276 usque
1730 1237 1771 1268 ad
1787 1246 1924 1275 annum,
1941 1246 1961 1268 a
1974 1238 2141 1278 proximis
2156 1239 2225 1271 kal.

629 1297 705 1328 aug.
722 1288 966 1328 incipiendum.
984 1289 1037 1326 (A.
1057 1289 1105 1323 12,
1124 1288 1148 1318 f.
1162 1289 1202 1319 22
1218 1287 1251 1325 ¹³3
1277 1287 1310 1318 V.
1327 1289 1378 1325 69,
1398 1297 1449 1327 ep.
1467 1290 1524 1319 901
1546 1289 1596 1327 C.)

672 1339 783 1370 9710.
801 1359 840 1364 -
854 1342 971 1373 Facul.
988 1341 1129 1372 Arnaldo
1143 1351 1167 1371 s.
1186 1341 1352 1371 Eustachii
1365 1341 1445 1372 diac.
1466 1341 1551 1372 card.
1568 1342 1762 1373 conferendi
1780 1343 1840 1374 hac
1853 1343 1925 1375 vice
1941 1353 2058 1376 canon.
2075 1346 2108 1376 et
2121 1344 2224 1385 praeb.

628 1395 759 1436 achalia
779 1394 891 1426 benef.
911 1394 992 1426 eccl.
1011 1395 1052 1426 de
1071 1394 1220 1431 Bariolo,
1243 1394 1442 1434 Forojulien
1469 1394 1529 1431 di.,
1545 1403 1606 1434 per
1622 1395 1702 1426 obit.
1721 1396 1877 1439 Hugonis
1892 1397 2011 1428 Ricavi
2027 1398 2116 1438 apud
2132 1398 2165 1430 S.
2183 1399 2225 1430 A.

627 1448 755 1488 praevia
769 1448 912 1488 speciali
929 1450 1090 1480 reservat.
1109 1456 1180 1479 vac.
1199 1447 1253 1489 (Α.
1274 1449 1324 1482 12,
1339 1447 1364 1478 f.
1382 1449 1458 1483 82²;
1479 1447 1510 1478 V.
1528 1450 1579 1486 69,
1596 1456 1649 1488 ep.
1666 1450 1769 1487 1006.)

674 1498 785 1530 9711,
809 1519 849 1523 -
863 1501 951 1542 Ep.o
962 1501 1164 1542 Arqentincn.
1184 1501 1297 1532 mand.
1313 1510 1373 1540 pro
1389 1501 1515 1532 unione
1526 1501 1661 1540 paroch.
1681 1502 1762 1533 0001.
1775 1502 1815 1533 (10
1831 1502 2018 1534 Windesch
2034 1505 2085 1543 (60
2100 1504 2226 1536 march.

629 1554 725 1595 arg.),
746 1554 979 1586 constantien.
996 1555 1056 1591 di.,
1075 1563 1135 1594 per
1150 1563 1264 1594 ep.um
1280 1554 1502 1594 Argentinen,
1519 1554 1672 1586 facienda
1691 1555 1805 1586 favore
1826 1557 1971 1587 monast.
1990 1557 2108 1597 Campi
2123 1557 2225 1598 regis,

629 1608 668 1641 O.
682 1609 715 1640 S.
735 1608 853 1645 Clarae,
867 1608 963 1640 dictae
975 1608 1034 1645 di.,
1045 1617 1106 1648 per
1121 1607 1163 1639 01.
1180 1617 1225 1639 m.
1242 1607 1419 1639 Elisabeth
1433 1608 1666 1639 Romanorum
1681 1608 1833 1648 reginam
1845 1609 1878 1639 in
1895 1610 2053 1649 praedicta
2069 1611 2228 1650 parochia

628 1661 772 1696 fundati,
797 1661 935 1693 obtentu
958 1661 1147 1692 Catherinae
1167 1661 1312 1692 ducissae
1338 1660 1514 1698 Calabriae,
1531 1661 1642 1700 ipsius
1668 1661 1747 1693 filiae
1758 1672 1767 1698 3
1786 1662 1875 1693 dicta
1893 1663 1983 1693 enim
2004 1664 2120 1703 regina
2136 1665 2228 1696 ante-

629 1723 731 1755 quam
751 1714 880 1746 dictum
898 1716 1044 1745 monast.
1061 1714 1197 1754 plenius
1213 1714 1402 1745 dotavisset
1417 1713 1521 1748 obiit;
1542 1714 1639 1754 cujus
1651 1714 1787 1754 quidem
1806 1715 1886 1746 eccl.
1903 1715 1960 1755 jus
1974 1717 2171 1756 patronatus
2186 1717 2229 1748 ad

629 1767 758 1799 dictum
773 1769 919 1799 monast.
933 1767 1144 1807 dignoscitur
1160 1767 1340 1807 pertinere.
1356 1768 1409 1808 (Α.
1427 1768 1476 1804 12,
1493 1767 1515 1798 f.
1535 1767 1632 1804 1O1b3
1659 1767 1692 1798 V.
1707 1769 1757 1802 69,
1772 1776 1824 1808 ep.
1843 1769 1939 1805 1126;
1956 1769 2069 1808 Eubel,
2089 1778 2144 1809 op.
2158 1770 2226 1808 cit.‚

628 1822 653 1853 t.
667 1822 709 1857 V,
722 1830 755 1860 p.
773 1821 842 1859 171,
863 1830 896 1851 n.
914 1820 1000 1860 371.)

673 1871 785 1903 9712.
813 1893 851 1897 —
866 1874 984 1906 Gratia
999 1882 1096 1914 exsp.
1117 1873 1229 1905 benef.
1254 1883 1282 1904 s.
1299 1883 1327 1905 c.
1349 1875 1421 1914 (100
1440 1883 1517 1905 unc.
1535 1874 1636 1913 auri),
1655 1874 1939 1914 contemplatione
1959 1875 2089 1908 Sanciae
2105 1875 2229 1908 Siciliae

629 1927 765 1968 reginae,
785 1927 915 1958 Roberlo
928 1926 994 1967 filio
1012 1926 1189 1968 Raymundi
1201 1926 1238 1958 de
1254 1926 1397 1962 Cabam's,
1416 1927 1543 1958 Roberli
1557 1927 1637 1967 reqis
1648 1926 1767 1957 Sieiliae
1782 1926 1900 1966 militis,
1918 1927 2039 1966 clerico,
2056 1937 2123 1960 non
2142 1928 2230 1960 obst.

630 1981 760 2021 capella
773 1981 807 2012 S.
823 1981 868 2012 M.
886 1981 998 2012 Castri
1014 1980 1211 2012 Avellarum
1226 1989 1253 2011 s.
1269 1989 1310 2018 0.,
1327 1980 1451 2012 Nolan.
1469 1981 1514 2011 di.
1534 1998 1570 2003 —-
1587 1981 1626 2011 In
1642 1989 1671 2012 e.
1693 1989 1739 2011 m.
1758 1980 1833 2012 abb.
1851 1985 1995 2013 monast.
2012 1991 2040 2013 s.
2055 1982 2230 2014 Benedicti

629 2034 846 2071 Salernitan.,
864 2043 901 2065 ac
920 2043 1007 2074 mag.
1030 2033 1215 2065 Guillelmo
1233 2034 1274 2065 de
1291 2043 1318 2064 s.
1335 2034 1472 2065 Victore
1489 2042 1526 2065 ac
1542 2034 1733 2065 Benevento
1750 2034 1790 2065 de
1811 2034 1982 2072 Murcone,
2000 2036 2229 2067 Beneventan.

630 2088 711 2120 eccl.
729 2097 802 2119 can.
820 2087 872 2128 (Α.
894 2089 943 2124 12,
959 2087 983 2118 f.
1001 2088 1059 2119 103
1074 2093 1102 2124 ⁸3
1125 2087 1163 2118 V.
1184 2089 1234 2125 69,
1256 2096 1308 2127 ep.
1326 2086 1433 2127 1136.)

675 2138 786 2170 9713.
806 2158 844 2163 -
858 2141 980 2173 Collat.
1007 2149 1125 2172 canon.
1151 2142 1183 2172 et
1207 2140 1312 2180 praeb.
1331 2140 1413 2172 0001.
1429 2140 1470 2172 de
1490 2149 1518 2171 0.
1537 2140 1740 2178 Gaudentio,
1759 2141 1948 2172 Convenar.
1965 2141 2024 2179 di.,
2040 2150 2100 2181 per
2115 2150 2230 2174 conse-

630 2197 711 2227 crat.
727 2194 872 2227 Othonis
889 2196 955 2234 ep.i
971 2194 1249 2234 Carpentoraten.
1269 2202 1356 2231 vac„
1378 2193 1539 2224 Bernardo
1564 2192 1601 2224 de
1625 2193 1792 2224 Orbessano
1813 2194 1924 2234 ipsius
1946 2195 2013 2234 ep.i
2038 2204 2139 2235 nep.;
2163 2204 2231 2226 non

630 2247 718 2280 obst.
743 2247 895 2279 scolania
907 2247 1033 2278 Insulae
1051 2247 1214 2284 Dozonis,
1231 2247 1419 2279 Convenar.
1443 2246 1489 2278 di.
1516 2265 1554 2270 —
1568 2246 1595 2277 Ι.
1615 2255 1645 2278 e.
1663 2255 1709 2278 m.
1732 2247 1857 2278 decano
1870 2247 1911 2278 de
1924 2247 2052 2286 Insula,
2070 2248 2229 2280 Tolosan.

629 2301 690 2340 di.,
708 2301 834 2333 archid.
850 2301 979 2333 Reden.
999 2299 1208 2338 Narbonen„
1223 2309 1261 2332 30
1274 2301 1374 2332 Petro
1386 2300 1427 2332 de
1440 2300 1570 2338 Bolato,
1586 2309 1659 2332 can.
1674 2300 1838 2332 Auxitan.
1855 2300 1935 2332 eccl.
1953 2300 2004 2339 (A.
2021 2302 2069 2337 12,
2088 2301 2112 2331 f.
2130 2300 2229 2338 240b;

634 2355 671 2387 V.
688 2356 740 2392 69,
757 2363 809 2395 ep.
845 2355 949 2393 1352.)

673 2404 786 2437 9⁷14.
805 2407 979 2440 —Collat.
998 2415 1118 2438 canon.
1140 2406 1203 2438 sub
1231 2415 1327 2447 exsp.
1353 2406 1456 2447 praeb.
1475 2415 1535 2438 seu
1559 2406 1728 2446 portionis
1753 2406 1834 2438 eccl.
1856 2406 2070 2446 Neapolitan.
2098 2405 2231 2437 aicardo

628 2465 703 2492 nato
723 2471 754 2491 n.
769 2460 797 2492 υ.
813 2461 942 2493 Joanm's
960 2460 1088 2501 Roqerii
1105 2459 1142 2491 de
1157 2459 1300 2498 Salerno,
1320 2459 1399 2498 mil„
1415 2470 1497 2501 may.
1515 2459 1657 2490 hostiarii
1680 2465 1708 2490 et
1728 2459 1830 2500 famil.
1849 2459 1975 2490 Roberti
1994 2458 2114 2490 St'ciliae
2132 2459 2228 2499 repis,

629 2523 696 2547 non
713 2514 799 2546 obst.
828 2514 864 2545 in
879 2514 1083 2546 Salernitan.
1103 2515 1136 2545 et
1150 2513 1291 2545 Sarnen.
1309 2513 1391 2545 eccl.
1413 2522 1545 2551 canon„
1565 2515 1598 2544 et
1616 2513 1749 2552 paroch.
1776 2513 1854 2544 eccl.
1877 2513 1905 2543 S.
1924 2512 1968 2544 M.
1990 2512 2031 2543 (10
2045 2513 2230 2552 Euganona

629 2567 836 2601 Salernitan.
856 2585 895 2591 —-
907 2567 934 2599 I.
953 2576 983 2599 0.
999 2576 1045 2599 m.
1070 2566 1145 2598 abb.
1164 2568 1311 2598 monast.
1329 2576 1357 2598 0.
1373 2567 1466 2598 Petri
1485 2567 1525 2598 de
1543 2566 1665 2604 Ebulo,
1682 2566 1884 2597 Salernitan.
1903 2565 1960 2602 di.,
1980 2566 2012 2596 et
2027 2564 2168 2596 Mathaeo
2187 2565 2228 2596 de

628 2620 844 2661 Protojudice
865 2629 903 2653 ac
929 2620 1055 2652 Joanni
1078 2620 1119 2652 de
1144 2619 1342 2656 canalibus,
1368 2629 1441 2651 030.
1468 2620 1547 2651 0001.
1579 2619 1781 2651 Salernitan.
1803 2618 1854 2657 (A.
1881 2619 1930 2655 12,
1947 2617 1971 2648 f.
1990 2618 2050 2649 428
2065 2622 2096 2655 ⁸3
2123 2617 2159 2649 V.
2176 2619 2228 2655 69,

629 2683 683 2715 ep.
701 2674 807 2715 1370.)

674 2724 786 2757 9715.
804 2746 842 2751 --
856 2726 978 2759 Gratia
989 2735 1086 2767 exsp.
1102 2726 1215 2758 benef.
1236 2727 1424 2759 ecclesiast.
1443 2726 1482 2767 (0.
1500 2735 1528 2757 0.
1543 2725 1596 2756 vel
1615 2733 1642 2756 0.
1661 2733 1687 2755 c.
1704 2724 1744 2755 40
1760 2732 1836 2755 unc.
1853 2723 1938 2762 auri)
1956 2723 1991 2754 in
2005 2723 2096 2754 civit.
2113 2722 2168 2754 vel
2181 2722 2227 2755 di.

630 2781 754 2812 Nolan.
770 2780 932 2812 Gm'llelmo
946 2780 1018 2812 filio
1033 2780 1114 2811 dicti
1133 2789 1165 2811 n.
1183 2789 1228 2818 v.‚
1244 2789 1317 2812 can.
1335 2779 1539 2811 Salernitan.
1552 2795 1589 2801 -
1599 2778 1626 2809 I.
1641 2786 1671 2808 e.
1685 2785 1731 2808 m.
1747 2778 1835 2807 cant.
1855 2776 1989 2813 Nolan.,
2002 2776 2035 2807 et
2044 2775 2229 2808 Guillelmo

631 2834 673 2866 de
695 2833 878 2874 Sangineto
905 2842 942 2867 ac
967 2833 1105 2866 Thomae
1131 2833 1172 2865 de
1196 2833 1357 2870 Maronia,
1388 2831 1592 2865 Salernitan.
1615 2829 1695 2861 0001.
1717 2838 1790 2860 030.
1811 2829 1862 2867 (Α.
1881 2830 1929 2866 12,
1948 2829 1971 2859 f.
1987 2829 2048 2860 242
2059 2833 2088 2865 ⁸;
2127 2827 2160 2859 V.
2177 2830 2228 2866 69,

632 2895 684 2926 ep.
701 2888 809 2927 1371.)

676 2937 788 2970 9716.
805 2956 844 2962 -
855 2939 977 2973 Collat.
994 2939 1129 2980 paroch.
1149 2939 1229 2971 eccl.
1247 2939 1288 2970 de
1301 2938 1476 2978 Grepiaco,
1495 2936 1655 2968 Tolosan.
1672 2934 1731 2972 di.,
1746 2943 1806 2974 per
1823 2933 2087 2973 acceptationem
2103 2933 2229 2965 aGuil-

631 2992 736 3025 lelmo
757 2993 798 3026 de
822 2992 921 3026 Valle
944 2993 1069 3025 factam
1086 2993 1127 3024 de
1148 2991 1285 3033 paroch.
1313 2991 1393 3023 eccl.
1416 2991 1455 3022 B.
1479 2990 1524 3022 M.
1544 2989 1585 3020 de
1604 2988 1762 3025 Vardani,
1790 2987 1937 3019 Vauren.
1966 2986 2026 3025 di.,
2052 2986 2120 3026 ipsi
2141 2987 2229 3018 auct.

345 3044 492 3074 somnis
509 3045 594 3075 xxii.
616 3063 651 3070 -
669 3047 701 3075 T.
721 3046 757 3075 11.
2054 3039 2089 3067 ⁵²
