2638 3600
274 373 375 416 Datum
392 365 574 399 Avenione.

300 473 340 500 20
356 475 426 508 sept.
451 471 538 500 1317.

312 517 366 551 (xii
379 515 438 544 kal.
459 515 531 551 oct.)

368 561 399 587 T.
414 560 472 588 XX.

379 632 415 659 Ut
435 640 458 658 s.

373 676 403 704 T.
426 675 483 703 XX.

384 739 419 766 Ut
435 746 458 766 s.

365 784 394 810 T.
416 784 473 810 xii.

381 951 415 978 Ut
432 959 455 978 s.

346 996 376 1024 T.
400 996 435 1023 IV
451 996 494 1029 ¹12.

382 1111 418 1138 Ut.
435 1119 458 1138 s.

323 1156 354 1183 T.
374 1155 421 1190 XI,
439 1155 512 1184 XIII.

379 1324 415 1352 Ut
434 1332 458 1351 s.
510 1308 512 1310 v

298 1591 337 1618 21
358 1594 429 1626 sept.
449 1591 536 1619 1317.

315 1640 356 1670 (X1
376 1637 435 1663 kal.
456 1636 527 1672 oct.)

379 1752 416 1779 Ut
437 1760 459 1778 s.

364 1796 394 1823 T.
416 1796 473 1823 XII.

298 2177 341 2204 22
357 2180 427 2212 sept.
449 2176 536 2204 1317.

322 2223 352 2255 (x
370 2222 429 2249 kal.
450 2222 520 2254 oct.)

369 2266 399 2294 T.
419 2266 474 2293 XX.

386 2391 420 2419 Ut
435 2400 459 2418 s.

324 2437 354 2462 r.
372 2436 431 2470 xu,
448 2435 517 2462 xiv.

378 2658 416 2686 Ut
440 2667 464 2687 s.

361 2703 392 2730 T.
411 2703 483 2730 XVI.

308 2765 349 2793 23
364 2769 434 2801 sept.
452 2765 539 2793 1317.

322 2814 363 2846 (1x
379 2810 439 2837 kal.
457 2811 526 2843 oct.)

345 2854 376 2881 T.
398 2855 430 2888 X,
448 2855 507 2882 XII.

388 2925 425 2952 Ut
440 2934 463 2952 s.

338 2970 367 2996 T.
387 2970 433 3001 XI,
449 2970 520 2997 XIII.

642 279 816 310 JOANNIS
840 279 959 309 PAPAE
981 279 1083 309 XXII.
1109 281 1357 318 (1316-1334).
1381 298 1418 302 —
1441 281 1626 313 LITTERAE
1650 283 1874 316 COMMUNES
2247 294 2267 323 9

710 467 823 498 5593.
841 486 878 491 -
897 469 1035 499 Ger-ardo
1051 469 1087 500 de
1106 469 1235 499 Pinibus
1251 469 1412 501 scribitur
1428 471 1467 501 de
1482 471 1554 502 eod.
1579 471 1683 510 (Ibid.)

710 629 821 660 5594.
842 650 880 654 --
901 631 1060 662 Ber-nardo
1078 631 1113 662 de
1129 631 1269 669 Mor-esic,
1288 632 1330 662 D.
1347 633 1402 669 D.,
1420 633 1526 672 priori
1544 641 1572 663 s.
1591 633 1758 672 Caprasii,
1778 634 1815 665 O.
1834 634 1866 665 S.
1885 636 1936 672 Β.,
1952 636 2140 668 Ruthenen.
2158 638 2216 676 di.,
2236 640 2268 669 et

667 684 776 715 Bosolo
792 685 830 715 de
848 685 971 722 Parma,
993 694 1067 716 can.
1081 685 1280 721 Tornacen.,
1296 686 1364 716 PP.
1380 694 1466 725 cap„
1485 686 1648 716 scribitur
1666 686 1705 717 de
1719 687 1848 718 eodem.
1867 688 1976 728 (Ibid.)

709 735 819 766 5595.
839 756 876 760 -
894 739 1102 769 Reservatur
1113 737 1331 778 dispositioni
1346 738 1379 769 S.
1398 740 1438 769 A.
1454 739 1626 778 prioratus
1642 748 1701 770 seu
1718 740 1798 770 eccl.
1814 741 1854 771 de
1867 741 2092 779 Galazanicis,
2111 743 2148 774 Ο.
2166 744 2198 774 S.
2213 744 2268 780 A..

663 791 870 823 Nemausen.
889 792 948 829 di.,
966 800 1037 822 vac.
1058 799 1118 831 per
1132 792 1380 823 assecutionem
1397 800 1416 822 a
1431 792 1604 823 Bernardo
1620 793 1660 823 de
1677 793 1937 825 Monterotundo
1954 795 2075 826 factam
2092 796 2132 827 de
2149 806 2266 828 canon.

664 846 696 875 et
715 845 917 876 vestiariatu
941 845 1113 884 prioratus
1139 853 1200 876 seu
1220 845 1301 876 eccl.
1324 845 1548 882 Nemausen„
1573 846 1653 877 dicti
1682 847 1767 884 ord„
1794 847 1861 886 ipsi
1880 857 1898 878 a
1917 849 1982 879 PP.
2002 849 2147 880 collatis.
2167 850 2220 890 (A.
2237 852 2266 888 8,

665 898 686 928 f.
706 900 761 929 131
778 904 806 934 ³3
830 899 864 930 V.
883 900 934 935 67,
950 907 1002 938 ep.
1021 898 1107 938 119.)

708 949 819 980 5596.
847 970 885 975 -
912 951 1004 982 Cant.
1030 950 1100 983 eccl.
1128 951 1339 982 Constantien.
1363 952 1475 982 mand.
1502 956 1537 983 ut
1562 952 1637 983 abb.
1663 954 1695 984 et
1722 962 1817 985 conV.
1845 956 1991 986 monast.
2013 955 2139 986 Montis
2160 964 2188 986 s.
2209 956 2270 986 Mi-

664 1005 791 1036 chaelis
808 1005 848 1036 de
862 1005 1014 1045 periculo
1032 1005 1150 1042 maris,
1169 1005 1209 1037 O.
1227 1005 1260 1036 S.
1275 1006 1327 1042 Β.,
1344 1005 1526 1037 Abrincen.
1547 1006 1607 1044 di.,
1627 1015 1645 1037 a
1662 1016 1834 1047 quoquam
1850 1008 2026 1040 molestari
2045 1017 2112 1040 non
2133 1009 2268 1048 permit-

663 1059 724 1090 tat.
746 1058 798 1096 (A.
815 1059 845 1096 8,
861 1058 883 1090 1.
901 1060 942 1090 92
957 1064 987 1095 ³3
1012 1057 1045 1090 V.
1060 1060 1113 1096 67,
1132 1067 1184 1098 ep.
1204 1060 1286 1098 149.)

709 1109 820 1140 559⁷.
840 1128 879 1133 -
897 1111 1011 1142 Pontio
1028 1111 1139 1142 Ricavi
1153 1112 1262 1152 gratia
1283 1121 1376 1152 exsp.
1397 1112 1507 1144 benef.
1527 1113 1640 1144 saecul.
1661 1123 1689 1144 c.
1714 1123 1741 1145 c.
1767 1114 1822 1145 vel
1842 1123 1869 1145 s.
1888 1124 1929 1152 c.,
1947 1115 2019 1155 (100
2037 1115 2059 1146 1.
2076 1114 2128 1155 t.),
2147 1116 2189 1146 ad
2202 1116 2271 1155 ep.i

664 1165 872 1196 Nemausen.
887 1165 999 1197 collat.
1020 1166 1156 1204 pertin„
1175 1165 1209 1196 in
1227 1165 1319 1197 civit.
1338 1166 1392 1197 vel
1411 1166 1457 1196 di.
1481 1167 1689 1198 Nemausen.
1705 1177 1712 1204 ς
1730 1167 1865 1207 paroch.
1886 1177 1966 1200 vero
1982 1168 2062 1200 eccl.
2081 1177 2108 1200 s.
2126 1169 2270 1200 Joannis

664 1218 705 1249 de
723 1218 889 1255 Moleriis,
906 1218 1113 1250 Nemausen.
1132 1219 1192 1254 di.,
1207 1219 1368 1250 dimittat.
1386 1238 1424 1242 —
1436 1219 1462 1250 Ι.
1481 1228 1509 1251 e.
1529 1229 1574 1250 m.
1591 1220 1806 1252 Ebredunen.
1824 1222 1856 1252 et
1872 1222 2082 1254 Avenionen.
2101 1231 2218 1262 praep„
2234 1231 2271 1253 ac

665 1271 772 1311 eJusd.
793 1272 1003 1303 Avenionen.
1018 1272 1145 1303 archid.
1161 1273 1242 1303 eccl.
1261 1274 1311 1310 (A.
1329 1274 1359 1309 8,
1377 1273 1398 1303 f.
1418 1274 1475 1304 174
1492 1273 1520 1310 ¹³;
1542 1273 1577 1304 V.
1602 1276 1652 1311 67,
1670 1283 1722 1314 ep.
1742 1273 1835 1315 202.)

708 1322 820 1354 5598.
836 1343 873 1348 —
887 1325 982 1356 Petro
998 1324 1034 1355 de
1047 1325 1161 1356 Beusta
1177 1326 1287 1366 gratia
1302 1334 1397 1366 exsp.
1413 1327 1567 1366 priorat,
1585 1336 1645 1358 seu
1663 1328 1717 1358 off.
1734 1328 1788 1359 vel
1805 1328 1998 1360 administr.
2014 1329 2086 1368 (100
2101 1328 2159 1360 111).
2175 1330 2269 1368 tur.),

665 1379 818 1410 consueti
833 1387 894 1418 per
912 1387 1002 1410 mon.
1023 1381 1169 1410 monast.
1185 1379 1365 1416 Generen„
1384 1380 1480 1420 quus
1495 1381 1614 1412 existit
1630 1390 1734 1419 mon.‚
1753 1381 1791 1413 O.
1807 1382 1839 1413 S.
1857 1383 1908 1420 Β.,
1924 1383 2082 1414 Tarvien.
2099 1382 2159 1419 di.,
2178 1382 2269 1422 gub„

665 1433 697 1463 et
715 1432 757 1462 ad
772 1432 885 1464 collat.
909 1432 985 1464 abb.
1013 1434 1046 1464 et
1069 1442 1165 1464 conv.
1189 1433 1270 1465 dicti
1294 1436 1439 1465 monast.
1468 1434 1609 1473 pertin.;
1633 1443 1700 1466 non
1727 1435 1814 1466 obst.
1840 1436 1930 1475 quod
1954 1437 2048 1476 prior
2076 1436 2271 1467 claustralis

664 1485 790 1516 existat
805 1488 951 1518 monast.
971 1486 1136 1526 praedicti.
1160 1505 1198 1510 —
1220 1487 1247 1518 I.
1278 1496 1306 1518 e.
1332 1496 1376 1517 m.
1401 1487 1605 1519 Lascurren.
1626 1489 1659 1519 et
1683 1489 1834 1520 Aduren.
1854 1489 1952 1530 ep.is,
1973 1499 2010 1521 ac
2028 1489 2104 1522 abb.
2124 1491 2269 1521 monast.

665 1539 820 1576 Luccen„
837 1539 972 1571 Oloren.
991 1540 1036 1571 di.
1056 1540 1108 1579 (A.
1128 1542 1197 1577 115,
1215 1541 1236 1571 1.
1254 1542 1313 1572 216
1328 1547 1355 1577 ‘²3
1379 1541 1414 1572 V.
1434 1543 1487 1579 67,
1501 1550 1552 1581 ep.
1571 1542 1658 1581 323.)

708 1589 820 1621 5599.
843 1611 879 1615 -
899 1593 1090 1629 Quittantia
1106 1595 1180 1625 octo
1194 1594 1343 1625 millium
1365 1596 1397 1625 et
1414 1595 1558 1625 duarum
1574 1595 1723 1626 millium
1741 1595 1919 1627 unciarum
1939 1596 2014 1626 auri
2031 1605 2091 1636 per
2106 1596 2270 1627 Bobertum

664 1656 764 1686 reqem
777 1646 896 1677 Siciliae
913 1647 1102 1678 solutarum
1126 1656 1187 1687 pro
1203 1656 1306 1678 censu
1323 1648 1403 1679 anni
1429 1650 1518 1686 1315,
1538 1650 1570 1680 et
1588 1649 1776 1680 absolvitur
1795 1650 1867 1689 ipse
1891 1649 1932 1680 ab
1950 1658 2081 1680 excom.
2101 1650 2271 1681 sententia

664 1709 765 1740 quam
780 1702 917 1740 propter
934 1701 1159 1732 cessationem
1177 1701 1359 1733 solutionis
1373 1702 1572 1733 incurrerat.
1590 1702 1643 1741 (A.
1660 1704 1689 1739 8,
1710 1703 1731 1733 1.
1749 1706 1795 1740 125
1818 1702 1849 1734 V.
1865 1705 1916 1739 67,
1931 1712 1984 1742 ep.
1999 1703 2043 1742 7.)

708 1751 819 1782 5600.
838 1773 875 1777 —
896 1753 986 1784 Univ.
1003 1758 1031 1784 et
1041 1754 1172 1794 sinqulis
1184 1755 1344 1795 prioribus
1360 1759 1388 1785 et
1401 1756 1644 1796 praeceptoribus
1664 1755 1823 1796 hospitalis
1838 1767 1862 1788 s,
1882 1757 2012 1788 Joanm's
2029 1756 2272 1787 jerosolimitani

664 1816 724 1846 per
736 1809 842 1838 totam
860 1807 996 1838 Italiam
1013 1809 1046 1838 et
1061 1816 1202 1848 regnum
1219 1809 1345 1840 Siciliae
1359 1809 1556 1840 constitutis
1572 1809 1636 1840 sub
1652 1818 1749 1849 poena
1765 1819 1894 1841 excom.
1913 1811 2026 1842 mand.
2043 1812 2080 1842 ut
2097 1811 2139 1841 ad
2157 1811 2270 1850 requi-

665 1861 825 1892 sitionem
849 1860 890 1891 fr.
914 1860 1063 1892 Geraudi
1081 1861 1122 1892 de
1145 1861 1301 1900 Finibus,
1328 1862 1448 1893 vicarii
1471 1863 1542 1894 ord.
1563 1862 1744 1902 hospitalis
1766 1864 1919 1903 praedicti
1936 1872 1995 1903 per
2014 1864 2082 1895 PP.
2111 1864 2269 1899 ordinati,

664 1915 769 1945 donec
788 1914 972 1945 dissidium
993 1915 1082 1946 inter
1104 1914 1145 1945 fr.
1169 1915 1353 1946 Fulconem
1378 1916 1418 1946 de
1434 1916 1613 1952 villareto,
1636 1916 1818 1956 hospitalis
1845 1917 1997 1957 praedicti
2016 1926 2117 1957 mag„
2138 1926 2181 1949 ex
2205 1926 2272 1948 una

665 1969 770 2007 parte,
797 1968 830 1998 et
853 1967 893 1997 t'r.
918 1967 1117 1998 Mauritium
1143 1968 1183 1998 de
1202 1968 1368 2008 Pagnaco,
1394 1978 1436 2000 ex
1460 1978 1546 2000 nova
1569 1970 1733 2001 electione
1753 1970 1906 2009 praedicti
1924 1979 2019 2001 conv.
2040 1980 2075 2002 se
2098 1980 2159 2011 pro
2182 1979 2269 2010 mag.

664 2021 849 2060 gerentem,
867 2029 909 2051 ex
925 2020 1045 2057 altera,
1062 2021 1164 2052 fuerit
1179 2023 1288 2060 apost.
1313 2022 1554 2053 reformatione
1572 2024 1733 2063 sopitum,
1749 2032 1825 2054 cum
1841 2024 2034 2063 integritate
2048 2024 2183 2055 mittere
2200 2025 2271 2055 stu-

665 2074 766 2104 deant
783 2073 1005 2112 repensiones
1029 2083 1159 2105 annuas
1178 2074 1298 2106 solitas
1316 2077 1349 2106 et
1372 2075 1504 2106 debitas
1530 2076 1646 2107 domui
1665 2078 1766 2116 atque
1788 2085 1884 2108 conv.
1908 2077 2090 2116 hospitalis
2106 2077 2140 2108 in
2157 2077 2271 2108 insula

665 2127 753 2157 Rodi
773 2127 988 2164 sistentibus,
1006 2127 1126 2167 grandi
1142 2127 1247 2158 nimis
1265 2129 1468 2160 necessitate
1486 2130 1718 2169 praegravatis.
1734 2130 1788 2170 (A.
1812 2131 1843 2167 8,
1863 2130 1885 2161 f.
1899 2132 1938 2161 47
1956 2130 1986 2168 ¹³3
2011 2130 2043 2160 V.
2060 2133 2110 2167 67,
2129 2139 2181 2170 ep.
2206 2130 2271 2168 25.)

710 2177 821 2208 5601.
839 2198 876 2201 -
894 2179 1034 2210 Geraudo
1049 2180 1086 2210 de
1108 2180 1246 2218 Pinibus,
1265 2181 1392 2212 vicario
1409 2181 1480 2212 ord.
1500 2191 1526 2213 s,
1544 2183 1687 2213 ‚Ioannis
1702 2183 1972 2214 Jerosolimitani
1995 2192 2055 2222 per
2071 2184 2104 2215 S.
2123 2185 2161 2215 A.
2181 2184 2271 2214 ordi-

668 2235 756 2268 nato,
776 2242 868 2264 conc.
890 2233 990 2264 facul.
1005 2235 1162 2265 mutuum
1181 2234 1399 2266 contrahendi
1416 2244 1523 2275 usque
1540 2236 1581 2266 ad
1600 2245 1770 2267 summam
1787 2237 1980 2276 quindecim
1998 2237 2145 2267 millium
2174 2237 2270 2268 flore-

667 2295 785 2318 norum
814 2287 887 2317 auri
912 2295 972 2326 pro
1001 2287 1250 2319 sustentatione
1274 2297 1369 2319 conv.
1394 2289 1430 2319 in
1457 2289 1571 2320 insula
1592 2290 1680 2321 Rodi
1706 2291 1899 2327 existentis,
1923 2299 2044 2330 magna
2073 2290 2271 2321 victualium

666 2340 854 2379 indigentia
872 2340 995 2379 pressi.
1015 2340 1069 2380 (A.
1085 2342 1115 2377 8,
1131 2341 1154 2371 1.
1169 2342 1204 2372 21
1225 2341 1260 2379 ¹³3
1281 2341 1316 2373 V.
1334 2343 1386 2377 67,
1409 2351 1461 2382 ep.
1478 2342 1545 2382 43.)

711 2390 820 2421 5602.
848 2411 885 2415 -
902 2392 1033 2434 Symoni
1050 2393 1086 2424 de
1103 2393 1266 2430 Archiaco,
1294 2394 1408 2426 decano
1432 2396 1502 2426 eccl.
1526 2396 1730 2433 Xanctonen„
1748 2397 1911 2436 indulget.
1929 2398 1966 2428 ut
1983 2397 2017 2427 in
2034 2397 2149 2436 aliqua
2167 2396 2271 2427 eccle-

668 2446 809 2482 siarum,
825 2446 860 2476 in
879 2445 1003 2486 quibus
1017 2446 1238 2478 beneficiatus
1253 2448 1383 2485 existit,
1402 2449 1568 2486 residens,
1586 2451 1639 2481 vel
1658 2450 1747 2490 apud
1767 2451 1800 2481 S.
1826 2451 1867 2481 A.
1891 2459 2020 2481 moram
2046 2450 2194 2486 trahens,
2213 2450 2270 2480 aut

667 2499 831 2530 insistens
847 2499 1038 2531 scolasticis
1058 2501 1253 2540 disciplinis
1269 2502 1304 2532 in
1322 2502 1395 2533 loco
1414 2502 1472 2533 ubi
1489 2503 1601 2543 vigeat
1620 2504 1772 2535 studium
1789 2504 1957 2543 generale,
1976 2503 2106 2534 fructus
2118 2502 2271 2534 omnium

666 2552 777 2584 benef.
796 2561 936 2584 suorum
951 2553 1081 2594 integre
1101 2555 1276 2594 percipere
1289 2556 1412 2588 valeat.
1429 2574 1467 2580 —
1482 2556 1508 2587 I.
1533 2566 1562 2588 e.
1584 2565 1628 2587 m.
1647 2555 1846 2593 Bituricen„
1865 2559 1897 2589 et
1912 2566 1940 2588 s.
1955 2557 2080 2588 Hilarii
2097 2556 2270 2587 Pictaven.

668 2606 817 2643 (1000010,
838 2615 874 2637 ac
893 2608 980 2638 cant.
1000 2607 1232 2647 Engolismen.
1251 2609 1302 2647 (A.
1321 2610 1351 2644 8,
1367 2609 1390 2640 1.
1414 2611 1454 2641 40
1472 2609 1507 2647 ι);
1533 2609 1565 2642 V.
1581 2612 1636 2646 67,
1652 2619 1703 2650 ep.
1723 2612 1806 2649 121.)

712 2656 824 2688 5603.
843 2663 882 2682 ‘—
907 2660 1024 2691 Joanm·
1048 2659 1084 2691 de
1107 2661 1242 2699 Virtute,
1266 2662 1346 2693 cler.
1369 2663 1611 2695 Cathalaunen.
1629 2664 1689 2702 di.,
1709 2664 1743 2694 in
1763 2663 1954 2695 minoribus
1975 2663 2046 2694 ord.
2076 2662 2271 2700 constituto,

668 2722 760 2744 conc.
777 2712 1021 2745 tabellionatus
1039 2715 1094 2745 off.
1115 2715 1165 2752 (Α.
1182 2716 1212 2752 8,
1229 2715 1251 2746 1.
1271 2717 1310 2747 98
1327 2715 1366 2755 b.)

713 2762 825 2795 5604.
843 2784 880 2788 —
897 2766 997 2798 Prov.
1016 2776 1134 2799 canon.
1152 2768 1215 2799 sub
1231 2777 1327 2808 exsp.
1343 2769 1447 2809 praeb.
1466 2769 1546 2801 eccl.
1564 2769 1748 2801 Eboracen.
1769 2769 1898 2801 Boberto
1922 2769 1958 2800 de
1983 2768 2145 2810 Valoynes,
2164 2768 2272 2808 eJusd.

670 2819 750 2851 eccl.
774 2820 986 2859 praecentori.
1002 2838 1041 2843 —
1056 2821 1084 2852 I.
1103 2830 1132 2852 e.
1151 2830 1194 2852 m.
1218 2822 1343 2853 archid.
1364 2823 1588 2860 Londonien.,
1609 2824 1641 2854 et
1657 2823 1805 2855 Roberto
1833 2823 1872 2854 de
1902 2823 2056 2859 Lencest,
2075 2821 2273 2859 Cicestren.,

671 2882 708 2904 ac
726 2872 912 2904 Guillelmo
928 2873 969 2904 de
987 2874 1129 2912 Bastita,
1147 2875 1332 2915 Legionen.
1350 2884 1423 2907 can.
1441 2876 1522 2907 eccl.
1540 2877 1592 2917 (A.
1611 2877 1641 2911 8,
1660 2876 1682 2908 f.
1701 2878 1740 2908 25
1760 2883 1790 2912 ¹¹3
1818 2876 1848 2906 V.
1865 2877 1915 2911 67,
1932 2884 1984 2915 ep.
2002 2876 2070 2914 77.)

715 2922 827 2954 5605.
845 2943 884 2947 —
902 2925 1060 2957 Bernardo
1077 2927 1209 2958 Martini
1232 2929 1304 2959 ead.
1328 2929 1437 2968 gratia
1462 2929 1496 2959 in
1513 2929 1593 2960 eccl.
1618 2929 1840 2965 Bracharen.;
1861 2937 1927 2959 non
1953 2928 2039 2959 obst.
2055 2928 2090 2958 in
2114 2927 2194 2959 eccl.
2214 2928 2274 2959 Pa-

673 2979 791 3009 lentin.
809 2987 926 3010 canon.
946 2981 978 3011 et
1001 2980 1102 3020 praeh.
1119 2990 1195 3012 cum
1220 2982 1476 3021 praestimoniis,
1498 2991 1535 3013 ac
1561 2982 1695 3022 paroch.
1722 2982 1801 3013 eccl.
1829 2991 1856 3012 s.
1874 2981 2060 3013 Salvatoris
2077 2981 2117 3012 de
2134 2981 2277 3022 Figney-

386 3031 532 3066 JoANNlS
552 3032 634 3060 XXII.
657 3050 688 3054 —
704 3033 734 3059 T.
760 3032 793 3059 11.
2114 3035 2130 3062 2
