2592 3562
269 394 369 419 uatum
393 386 574 420 Avenione.

311 486 351 514 25
365 486 423 521 J'ul.
446 485 534 513 1318.

301 534 369 575 (Viri
383 531 442 558 kal.
462 529 541 565 aug.)

384 750 420 778 Ut
435 758 458 777 s.

356 815 359 817 >
370 795 401 822 T.
417 794 475 821 XII.

389 1069 423 1096 Ut
439 1077 462 1096 s.

388 1547 422 1574 Ut
441 1555 465 1573 s.

365 1591 394 1617 T.
415 1590 487 1617 V111.

389 1812 425 1839 Ut
445 1819 468 1838 s.

369 1857 399 1883 T.
417 1855 489 1882 vill.

387 1917 425 1945 Ut
445 1925 468 1944 s.

367 1962 398 1989 T.
419 1961 491 1988 VIII.

384 2025 420 2052 Ut
451 2032 475 2050 s.

378 2069 409 2096 Τ.
426 2069 482 2095 xi..

402 2715 437 2742 Ut
452 2723 475 2742 s.

342 2759 373 2786 T.
390 2759 460 2793 XVI,
480 2759 535 2787 XX.

326 2821 367 2848 26
381 2821 439 2855 jul.
458 2820 548 2849 4318.

329 2866 384 2902 (vu
399 2865 459 2892 kal.
477 2865 558 2901 aug.)

365 2910 396 2936 T.
414 2910 446 2943 Χ,
462 2909 520 2936 XII.

633 299 807 331 JOANNIS
830 299 949 330 PAPAE
971 295 1076 328 xxm
1096 298 1346 339 (ww-1334).
1370 315 1407 319 —
1431 296 1618 327 LITTERAE
1641 296 1865 327 COMMUNES
2198 301 2259 331 225

709 482 819 513 ⁷858.
838 500 876 506 —
889 483 1057 524 Arcaiapo
1071 483 1236 513 Messenen.
1254 482 1366 513 mand.
1386 484 1421 512 ut
1438 491 1470 512 n.
1490 490 1520 512 V.
1537 481 1717 512 Francisco
1731 481 1952 521 Vigintimilii
1969 483 2001 513 et
2014 482 2136 514 Giratii
2145 485 2261 516 comiti

664 538 822 569 concedat
839 536 940 568 facul.
959 536 1177 567 construendi
1196 536 1355 571 monast.‚
1375 535 1445 565 ord.
1465 534 1623 570 Cisterc.,
1640 542 1743 573 prope
1760 534 1840 564 eccl.
1866 534 1899 565 S.
1916 534 1961 564 M.
1976 535 2017 565 de
2032 535 2259 574 Giblimanda,

664 590 892 630 Cephaluden.
908 590 968 626 di„
986 590 1020 620 in
1035 589 1179 629 quodam
1195 596 1332 619 nemore
1347 581 1428 618 dicti
1445 587 1580 618 comitis
1597 587 1710 623 sitam,
1728 595 1801 626 quae
1814 587 1897 617 adeo
1912 587 2011 618 habet
2026 589 2146 619 tenues
2160 589 2263 620 facul-

664 645 751 675 tates
766 645 803 674 ut
835 643 972 683 proprio
990 644 1119 673 rectore
1136 643 1238 677 caret.
1259 643 1291 672 et
1320 650 1379 680 per
1397 641 1522 671 laicum
1551 641 1741 671 custoditur
1764 640 1822 679 qui
1846 640 2066 671 mendicando
2089 642 2264 680 proprium

665 697 789 727 vietum
806 696 937 736 quaerit.
957 695 1011 734 (V.
1027 696 1078 731 68,
1096 703 1147 734 ep.
1169 696 1271 732 1375.)

710 746 821 777 7859.
836 766 875 771 —
895 748 978 788 E'p.o
996 747 1125 778 Imolen.
1142 747 1254 778 mand.
1273 748 1320 781 ut,
1334 745 1609 785 supplicantibus
1622 747 1802 785 potestate,
1821 745 1964 776 consilio
1981 747 2013 777 et
2030 746 2202 777 communi
2218 747 2264 777 ci·

664 802 781 834 vitatis
794 802 976 838 Faventiae‚
995 801 1214 832 interdictum
1234 800 1288 831 cui
1311 800 1383 830 ead.
1404 799 1536 835 civitas,
1555 798 1770 839 exigentibus
1789 798 1988 829 excessibus
2003 798 2264 836 Gibellinorum,

666 856 844 895 supposita
862 855 936 892 fuit,
951 854 1104 885 relaxare
1121 855 1288 893 procuret,
1305 853 1488 883 dummodo
1502 852 1568 891 ipsi
1583 852 1817 891 supplicantes
1833 860 1970 882 causam
1986 851 2181 891 hujusmodi
2199 861 2266 883 non

666 908 821 940 dederint
840 908 1030 944 interdicto,
1049 908 1175 938 attento
1193 907 1283 946 quod
1298 906 1398 936 dictis
1419 905 1603 937 Gibellinis
1631 914 1649 936 a
1666 905 1797 937 Guelfis
1815 913 1903 935 nunc
1932 913 1951 935 a
1969 904 2108 944 praefata
2130 905 2265 937 civitate

666 961 818 1001 expulsis
833 961 909 1001 ipsa
924 961 1046 992 civitas
1061 960 1095 991 in
1112 960 1214 1000 plena
1230 959 1424 991 obedientia
1439 960 1480 990 R.
1500 959 1539 990 E.
1557 958 1776 998 gubernatur.
1794 958 1846 996 (A.
1866 960 1897 994 9,
1919 958 1942 988 f.
1963 958 2023 989 394
2040 963 2069 994 ²3
2092 958 2124 987 V.
2146 959 2197 995 68,
2212 967 2265 998 ep.

668 1016 771 1051 1415.)

712 1065 824 1096 7860.
844 1085 882 1091 -
901 1067 1006 1097 Priori
1015 1065 1207 1107 provinciali
1221 1065 1365 1096 Fratrum
1381 1064 1416 1095 0.
1435 1065 1472 1095 P.
1491 1065 1524 1095 in
1552 1064 1670 1096 Graecia
1690 1064 1803 1095 mand.
1828 1066 1866 1095 ut
1888 1064 2023 1104 aliquos
2039 1065 2079 1095 de
2103 1064 2268 1096 fratribus

667 1121 721 1152 sui
738 1121 869 1152 ordinis
884 1120 1037 1152 eruditos
1055 1120 1089 1151 in
1103 1119 1258 1159 partibus
1287 1118 1354 1150 sibi
1373 1119 1560 1150 secundum
1581 1126 1681 1149 suum
1708 1117 1862 1148 ordinem
1880 1117 2039 1148 limitatis
2058 1118 2193 1149 studeat
2211 1118 2267 1149 de-

667 1176 798 1214 putare,
819 1174 877 1214 qui
893 1173 1085 1214 generalem
1099 1172 1374 1212 praedicationem
1391 1172 1529 1208 faciant,
1546 1173 1578 1203 et
1591 1171 1771 1211 diligenter
1784 1171 1982 1210 perquirant
1998 1171 2038 1201 de
2053 1171 2219 1203 haereticis
2235 1172 2268 1202 et

668 1228 771 1258 etiam
787 1227 984 1263 diffamatis,
1001 1227 1035 1258 et
1048 1226 1078 1257 si
1095 1234 1182 1266 quos
1203 1225 1392 1265 culpabiles
1409 1225 1613 1259 invenerint,
1630 1224 1699 1255 nisi
1713 1223 1819 1254 velint
1838 1223 2006 1255 mandatis
2024 1224 2174 1255 ecclesiae
2192 1223 2266 1255 obe-

669 1281 753 1315 dire,
771 1280 953 1320 procedant
970 1281 1086 1311 contra
1103 1287 1161 1310 eos
1174 1279 1272 1319 juxta
1288 1278 1467 1309 canonicas
1493 1278 1686 1309 sanctiones
1702 1277 1868 1308 adversus
1883 1277 2059 1308 haereticos
2076 1277 2267 1317 promulga-

668 1335 739 1371 tas;
756 1334 786 1364 si
803 1342 881 1364 vero
895 1333 1015 1373 aliqui,
1031 1332 1188 1364 haeretica
1202 1331 1278 1363 labe
1295 1331 1462 1371 abjurata,
1484 1331 1526 1362 ad
1543 1331 1623 1362 eccl.
1646 1330 1757 1361 redire
1780 1330 1886 1361 velint
1910 1330 2088 1367 unitatem,
2112 1330 2199 1370 ipsis
2216 1330 2270 1361 be-

669 1387 828 1418 neficium
843 1386 1071 1417 absolutionis
1083 1385 1299 1425 impendant3
1315 1385 1456 1424 insuper
1471 1385 1511 1415 20
1526 1384 1600 1415 dies
1618 1383 1747 1423 indulg.
1765 1383 1807 1414 ad
1820 1383 2095 1423 praedicationem
2112 1384 2269 1414 acceden-

669 1440 763 1471 tibus
776 1442 808 1471 et
822 1442 892 1470 tres
905 1448 1011 1470 annos
1026 1438 1194 1469 auxilium
1208 1437 1439 1478 praebentibus
1452 1439 1568 1468 contra
1583 1437 1760 1468 haereticos
1773 1437 1838 1467 ΡΡ.
1850 1437 2012 1468 concedit.
2025 1436 2077 1476 (A.
2090 1439 2120 1473 9,
2136 1436 2158 1466 f.
2170 1438 2230 1468 475
2239 1436 2252 1457 b
2259 1447 2268 1473 3

678 1493 710 1523 V.
726 1495 777 1530 68,
795 1502 848 1533 ep.
867 1492 973 1531 1435.)

716 1543 825 1575 7861.
850 1564 885 1569 -
900 1546 940 1576 N.
967 1555 995 1576 v.
1016 1545 1122 1576 ducem
1156 1544 1345 1575 Venetiarum
1367 1544 1522 1575 hortatur
1549 1543 1616 1574 ΡΡ.
1641 1543 1683 1574 ad
1703 1543 1861 1574 omnibus
1890 1543 1924 1573 in
1950 1543 2106 1582 partibus
2131 1543 2268 1574 Graeoiae

672 1609 741 1631 suae
759 1599 882 1630 ditioni
900 1599 1062 1638 subjectis
1087 1597 1316 1629 mandandum
1333 1598 1369 1628 ut
1387 1597 1568 1634 haereticis,
1586 1605 1647 1627 seu
1663 1596 1766 1627 etiam
1785 1605 1903 1627 eorum
1917 1596 2120 1634 fautoribus,
2138 1596 2270 1627 nullum

672 1653 840 1684 auxilium
856 1652 1027 1692 praebeant
1043 1652 1096 1683 vel
1122 1651 1281 1686 favorem,
1300 1653 1332 1682 et
1357 1649 1620 1690 inquisitoribus
1638 1659 1697 1689 per
1720 1650 1930 1689 provinciam
1950 1650 2154 1689 deputandis
2169 1650 2272 1680 assis-

671 1709 744 1737 tant
766 1708 797 1737 et
814 1706 983 1736 auxilium
1000 1705 1200 1745 largiantur.
1220 1705 1271 1743 (A.
1288 1706 1318 1741 9,
1339 1704 1362 1735 f.
1380 1705 1440 1735 476
1457 1709 1490 1740 ³3
1514 1703 1546 1733 V.
1565 1704 1616 1741 68,
1634 1712 1686 1743 ep.
1708 1705 1786 1734 1436
1800 1704 1850 1739 Α;
1867 1703 2049 1742 Raynaldi,
2067 1702 2203 1733 Annales
2225 1713 2272 1733 ec-

672 1759 815 1795 clesiast,
832 1761 856 1789 t.
874 1760 915 1795 V,
932 1760 1022 1794 1318,
1039 1758 1157 1796 LVII.)
1565 1754 1568 1758 ’

718 1810 827 1841 7862.
848 1829 886 1835 -—
908 1812 934 1842 Ι.
954 1820 983 1843 e.
1003 1820 1048 1842 m.
1067 1821 1099 1840 n.
1117 1821 1144 1842 v.
1160 1811 1300 1850 principi
1327 1810 1472 1851 Αεὴαῃκ,
1499 1815 1527 1840 et
1554 1810 1639 1839 univ.
1670 1809 1840 1847 comitibus,
1869 1809 2043 1847 baronibus,
2067 1814 2094 1839 et
2118 1809 2187 1839 aliis
2218 1819 2272 1839 no-

673 1865 782 1896 bilibus
806 1864 904 1905 ejusd.
924 1864 1077 1905 principis
1092 1863 1203 1894 ditioni
1219 1863 1372 1904 subjectis.
1390 1863 1443 1903 (A.
1462 1865 1492 1900 9,
1508 1863 1531 1893 f.
1545 1865 1605 1894 476
1622 1862 1654 1900 ὓς
1679 1862 1711 1892 V.
1730 1864 1780 1899 68,
1800 1872 1851 1902 ep.
1871 1864 1949 1894 1436
1964 1862 2019 1902 Β.)

718 1916 828 1947 7863.
845 1936 884 1940 -
900 1919 926 1949 Ι.
946 1927 974 1949 e.
994 1927 1039 1948 m.
1054 1916 1240 1957 patriarchae
1254 1911 1608 1957 Constantinopolitano,
1626 1916 1710 1946 univ.
1731 1916 1895 1956 archiepis
1909 1926 1944 1946 ac
1962 1916 2040 1956 ep.is
2052 1925 2109 1956 per
2126 1915 2274 1947 Graeciam

674 1972 857 2002 constitutis.
876 1971 928 2010 (A.
947 1973 977 2008 9,
998 1971 1021 2001 f.
1037 1972 1098 2002 476
1112 1970 1148 2007 ¹³3
1175 1970 1211 2001 V.
1228 1971 1279 2007 68,
1299 1979 1351 2009 ep.
1371 1971 1449 2001 1436
1465 1970 1516 2009 C.)

719 2022 829 2054 7834.
848 2042 887 2047 -
906 2024 1076 2064 Arcbiep.o
1098 2023 1336 2063 Compostellan.
1363 2028 1391 2053 et
1415 2033 1482 2063 ep.o
1512 2022 1684 2054 Corduben.
1703 2031 1794 2053 conc.
1812 2025 1962 2062 potestas
1980 2022 2167 2062 recipiendi
2190 2022 2274 2053 obli-

674 2079 828 2119 gationes
845 2087 904 2118 per
921 2086 954 2108 n.
974 2086 1004 2109 v,
1022 2078 1186 2108 Joannem
1205 2076 1314 2107 filium
1331 2077 1421 2116 regis
1440 2076 1597 2108 Castellae
1611 2085 1649 2107 ac
1665 2077 1833 2107 Joannem
1848 2076 1922 2115 ejus
1943 2076 2220 2115 primogenitum,
2241 2077 2274 2106 et

674 2132 817 2164 Mariam
832 2140 869 2163 ac
885 2130 1061 2162 Elisabeth
1077 2139 1201 2161 uxores
1217 2138 1334 2161 eorum
1350 2130 1572 2169 praestandas,
1590 2130 1679 2169 quod
1697 2129 1763 2169 ipsi
1788 2129 2013 2168 personaliter
2031 2129 2203 2169 negotium
2222 2137 2270 2159 re-

675 2184 905 2225 cuperationis
922 2183 1016 2224 regni
1031 2183 1198 2220 Granatae,
1218 2192 1278 2222 per
1294 2183 1469 2223 Agarenos
1485 2183 1625 2219 detenti,
1641 2191 1717 2213 cum
1734 2183 1763 2213 l)
1779 2182 1948 2213 militibus
1962 2182 2016 2213 vel
2033 2181 2205 2221 equitibus
2215 2190 2275 2220 per

675 2240 813 2274 terram,
832 2247 891 2277 per
909 2246 1002 2267 mare
1030 2245 1107 2267 vero
1132 2245 1163 2266 vi
1182 2235 1371 2273 mensibus,
1387 2235 1546 2267 videlicet
1563 2234 1694 2274 aprilis,
1710 2235 1804 2272 maii,
1820 2235 1920 2274 junii,
1935 2235 2026 2274 julii,
2046 2244 2121 2274 aug.
2141 2236 2173 2265 et
2189 2236 2273 2273 sept.

677 2300 752 2322 cum
773 2300 802 2320 vi
821 2291 863 2321 ad
885 2290 1012 2326 minus,
1029 2289 1172 2329 reliquis
1192 2291 1303 2320 autem
1322 2298 1354 2319 v1
1380 2289 1555 2320 mensibus
1570 2297 1646 2320 cum
1665 2298 1700 2319 111
1718 2288 1826 2328 galeis
1843 2288 1990 2319 viriliter
2005 2290 2274 2327 prosequentur3

678 2344 803 2384 quibus
822 2343 1052 2374 mediantibus
1072 2342 1295 2373 admittantur
1311 2343 1352 2373 ad
1371 2342 1666 2382 participationem
1680 2341 1761 2372 dicti
1778 2342 1905 2381 negotii
1921 2350 1981 2381 pro
2004 2341 2183 2372 medietate
2199 2349 2276 2371 cum

678 2407 709 2428 n.
730 2406 760 2426 v.
784 2397 894 2433 Petro,
913 2396 983 2426 tilio
1000 2396 1041 2426 cl.
1060 2404 1125 2426 me.
1144 2395 1257 2426 Sancii
1283 2396 1370 2435 regis
1397 2395 1565 2432 Castellae,
1590 2397 1711 2434 patruo
1727 2397 1759 2425 et
1778 2396 1889 2426 tutore
1907 2394 2074 2433 Alphonsi
2091 2394 2181 2433 regis
2195 2394 2273 2423 Cas-

678 2451 779 2487 tellae,
801 2453 831 2480 et
855 2450 941 2488 ipsis
957 2449 1201 2488 respondeatur
1215 2457 1277 2488 pro
1293 2448 1474 2479 medietate
1495 2448 1663 2479 dictorum
1681 2448 1813 2479 150000
1834 2448 1906 2478 flor.
1930 2447 2003 2477 auri
2022 2447 2087 2478 eid.
2104 2447 2215 2483 Petro,
2235 2446 2277 2477 de

679 2503 811 2534 duabus
838 2502 992 2542 partibus
1017 2502 1225 2533 decimarum
1245 2501 1466 2533 ecclesiarum
1491 2501 1630 2532 fabricis
1648 2509 1896 2532 concessarum.
1916 2500 1981 2536 Qui
2003 2499 2140 2539 quidem
2155 2499 2278 2529 Petrus

680 2556 756 2596 p'ost
782 2555 1026 2586 admissionem
1054 2554 1251 2594 hujusmodi
1276 2564 1295 2586 a
1317 2554 1498 2594 quibusvis
1522 2554 1799 2594 obligationibus,
1825 2555 1991 2592 quatenus
2013 2561 2091 2583 eum
2114 2560 2173 2591 pro
2197 2552 2278 2582 dicti

679 2609 806 2649 negotii
820 2608 1000 2639 medietate
1020 2608 1230 2648 contingunt,
1254 2608 1416 2639 liberetur
1435 2610 1467 2639 et
1487 2608 1700 2642 absolvatur;
1716 2607 1787 2638 illis
1805 2607 1915 2646 quoad
1933 2606 2100 2645 reliquam
2116 2605 2277 2635 medieta-

681 2667 749 2694 tem
768 2662 802 2692 in
819 2670 880 2692 suo
896 2661 1016 2692 robore
1035 2661 1219 2692 duraturis.
1239 2661 1291 2698 (A.
1306 2663 1336 2698 9,
1356 2661 1379 2692 f.
1396 2662 1456 2692 483
1473 2667 1505 2697 ³3
1529 2661 1564 2692 V.
1583 2662 1633 2698 68,
1654 2669 1706 2699 ep.
1729 2661 1830 2698 1547.)

728 2712 837 2744 7865.
858 2732 895 2737 -
911 2713 1062 2750 Arnaldo,
1087 2713 1180 2745 electo
1206 2714 1409 2752 Lomberien„
1441 2714 1541 2745 facul.
1572 2713 1775 2745 concedendi
1801 2712 2041 2743 tabellionatus
2068 2711 2123 2742 off.
2142 2720 2164 2741 ιι
2188 2718 2278 2750 pers.

684 2768 827 2800 idoneis.
848 2767 900 2806 (A.
917 2768 948 2803 8,
968 2767 992 2797 f.
1009 2768 1067 2799 104
1083 2766 1122 2805 b.)

730 2819 841 2850 7866.
862 2837 899 2842 -
916 2820 1007 2850 Petro
1025 2820 1125 2851 Chelis
1141 2819 1351 2861 Bonsiqnoris‚
1369 2820 1442 2851 cler.
1458 2820 1609 2856 Romano,
1629 2820 1666 2850 fit
1681 2819 1788 2858 gratia
1805 2826 1899 2857 exsp.
1916 2816 2025 2848 benef.
2045 2826 2072 2847 c.
2090 2826 2116 2847 c.
2136 2817 2190 2848 vel
2205 2825 2233 2848 s.
2250 2825 2278 2848 c.

686 2875 759 2915 (100
777 2875 799 2905 l.
818 2876 869 2911 t.)‚
888 2873 923 2904 in
945 2873 1036 2904 civit.
1053 2873 1106 2904 vel
1133 2873 1179 2906 di.
1195 2874 1338 2909 Clusin„
1365 2874 1405 2904 ad
1423 2874 1536 2904 collat.
1556 2873 1635 2912 ep.i.
1653 2890 1690 2894 —
1706 2872 1731 2902 Ι.
1750 2880 1777 2902 e.
1794 2880 1839 2902 m.
1857 2880 1884 2901 s.
1909 2870 2007 2901 Lucae
2031 2869 2233 2907 viterbien„
2251 2871 2284 2901 et

687 2936 715 2959 s.
732 2927 877 2958 Julianae
903 2925 1061 2964 Civitatis
1088 2926 1288 2958 Castellanae
1315 2926 1428 2958 saecul.
1449 2925 1633 2966 prioribus»,
1652 2934 1688 2955 ac
1705 2924 1887 2955 Francisco
1905 2923 1945 2954 de
1969 2931 1997 2953 s.
2017 2923 2115 2954 Justo
2133 2931 2204 2954 can.
2224 2923 2284 2955 Ur-

688 2981 843 3012 bevetan.
860 2979 940 3010 eccl.
959 2979 1011 3019 (A.
1032 2980 1083 3016 10,
1105 2979 1128 3010 f.
1146 2981 1204 3011 135
1220 2985 1253 3017 ³3
1275 2979 1311 3010 V.
1329 2981 1380 3015 68,
1399 2988 1452 3019 ep.
1472 2979 1574 3018 1822.)

403 3015 548 3061 ,ίοΑΝΝΙε
564 3034 647 3062 xxn.
665 3049 700 3055 -
720 3034 750 3060 T.
775 3033 808 3060 11.
2111 3028 2147 3056 29
