2592 3562
639 298 812 330 JOANNIS
836 298 956 328 PAPAE
978 297 1080 328 XXII.
1106 298 1356 336 (1316-1334).
1380 317 1418 321 —
1442 299 1628 329 LITTERAE
1652 300 1703 330 DE
1725 300 1849 332 CURIA
2204 306 2264 337 447

263 392 364 419 Datum
384 386 568 421 Avenione.

232 493 251 521 3
271 493 415 527 (innon.)
431 501 495 529 apr.
513 492 602 520 1319.
705 487 840 518 10151.
863 508 896 512 --
914 488 991 519 Eid.
1013 488 1126 519 mand.
1152 490 1190 519 ut
1210 488 1331 519 liberet
1349 489 1476 519 dictum
1495 489 1676 520 Mathaeum
1701 490 1742 520 ab
1762 491 1967 530 obligatione
1984 495 2077 526 4000
2094 495 2167 526 flor.
2188 496 2263 527 auri

659 551 734 573 cum
753 542 999 574 mercatoribus
1017 542 1320 581 Montispessulani
1337 543 1519 573 contracta.
1538 542 1592 580 (A.
1609 545 1657 578 11,
1677 542 1699 572 s.
1716 544 1775 574 525
1793 543 1823 580 b;
1847 544 1881 574 V.
1899 547 1950 582 69,
1970 555 2021 585 ep.
2038 549 2078 579 85
2093 548 2120 579 B
2133 547 2169 579 de
2180 558 2259 586 cur.;

661 595 791 632 Coulon,
810 601 846 627 n⁰
861 596 947 635 847.)

265 653 304 681 13
317 653 381 687 (ὶά.)
399 660 467 688 apr:
481 651 570 680 1319.
704 646 839 678 10152.
865 667 904 671 —
931 648 1078 679 Durando
1101 648 1213 683 Ouleti‚
1232 647 1381 677 Durando
1406 647 1558 685 Ctimeni,
1581 648 1700 679 Joannz'
1723 649 1856 679 Baudeli
1881 655 1909 680 et
1928 650 2044 681 loanni
2063 652 2214 684 Palinerii
2227 654 2263 685 de

659 701 923 743 Montepessulano
947 701 1179 738 mercatoribus,
1206 701 1402 741 Mayatonen.
1428 700 1485 737 di„
1505 702 1618 732 mand.
1640 703 1677 733 ut
1698 703 1902 741 Berengario
1919 704 1960 734 de
1976 704 2123 744 Olargiis
2145 709 2177 737 et
2195 707 2263 738 Ma-

658 755 744 787 thaeo
761 756 802 787 de
816 756 986 787 Varennis
1002 754 1322 795 tradantjresiduum
1339 763 1480 785 summae
1493 756 1607 786 64000
1624 755 1696 786 flor.
1716 756 1789 786 auri
1807 765 1865 795 per
1878 756 1973 795 ipsos
1991 766 2011 787 a
2024 766 2101 797 rege
2116 759 2263 791 Franciae

659 810 699 840 de
717 809 861 848 pecunia
875 809 1014 840 decimae
1033 808 1283 848 assignatorum
1298 808 1419 847 Apost.
1437 807 1528 842 Sedi.
1547 808 1589 838 ad
1603 808 1846 847 perfectionem
1863 818 1884 839 x
1901 809 2076 849 galearum
2092 811 2134 841 ad
2151 814 2264 850 partes

660 862 843 894 orientales
862 863 1122 893 destinatarum.
1138 861 1192 900 (A.
1212 862 1261 897 11,
1285 861 1308 891 f.
1324 862 1384 892 489
1400 860 1432 896 ¹³3
1451 860 1484 891 V.
1502 863 1553 896 69,
1570 870 1622 900 ep.
1639 862 1678 893 85
1696 862 1720 893 C
1736 861 1772 892 de
1783 871 1866 898 cur.;
1885 862 2015 900 Coulon,
2033 867 2068 894 n‘·
2085 864 2172 903 852.)

384 919 417 946 Ut
435 927 460 945 s.
706 913 839 944 10153.
856 932 895 938 -—
913 914 1069 946 Praedc'cto'
1081 914 1272 954 Berenyario
1287 913 1323 944 de
1339 913 1475 953 Olarqiis
1491 915 1604 944 mand.
1628 916 1664 945 ut
1681 923 1756 946 cum
1770 915 1910 954 praefato
1927 916 2070 947 Mathaeo
2086 917 2265 956 praefatum

660 969 836 1000 residuum
853 969 984 1000 utiliter
1004 968 1184 1008 expendat.
1200 968 1253 1007 (A.
1270 969 1320 1003 11,
1342 967 1365 997 f.
1384 968 1446 998 490
1463 972 1497 1003 ³;
1520 966 1552 998 V.
1572 969 1623 1004 69,
1643 977 1694 1007 ep.
1718 969 1757 1000 85
1774 969 1803 999 D
1818 969 1854 999 de
1871 978 1955 1005 cur-,3
1976 968 2108 1007 Conlon,
2128 974 2164 1000 n⁰
2179 970 2265 1010 853.)

378 1025 414 1053 Ut
430 1033 454 1052 s.
707 1019 840 1051 10154.
858 1039 897 1045 -
915 1022 1053 1053 Litterae
1067 1021 1352 1052 commendatitiae
1371 1029 1432 1059 pro
1452 1029 1540 1060 mag.
1553 1020 1699 1051 Monaldo
1718 1021 1755 1051 de
1769 1021 1956 1059 Castrotino‚
1970 1023 2113 1054 sacrista
2129 1023 2263 1061 Oscen„

660 1076 726 1107 ΡΡ.
753 1084 839 1114 cap„
863 1084 900 1106 ac
928 1074 1092 1106 Guillelmo
1119 1073 1156 1105 de
1173 1073 1292 1111 Beosto,
1322 1073 1403 1105 cler.
1430 1074 1563 1113 Aquen.
1593 1074 1652 1111 di.‚
1671 1074 1806 1106 nunciis
1831 1075 1866 1105 in
1890 1075 2109 1115 Aragoniam.
2133 1076 2187 1116 (A.
2215 1078 2265 1114 11,

660 1130 684 1161 f.
704 1130 764 1161 332
779 1129 793 1150 ¹>
808 1130 842 1160 et
855 1130 913 1160 517
930 1128 971 1168 b.)

310 1184 348 1212 17
360 1192 423 1221 apr.
443 1184 531 1212 1319.
706 1180 840 1211 10155.
863 1199 902 1204 -
922 1182 1004 1222 May.
1022 1180 1183 1212 Guae'llelmo
1202 1180 1238 1211 de
1255 1180 1394 1215 Balacto,
1416 1180 1537 1211 archid.
1557 1181 1629 1211 eccl.
1654 1180 1858 1221 Forojulien.‚
1876 1182 1942 1212 ΡΡ.
1962 1192 2046 1223 cap„
2062 1183 2148 1213 civit.
2167 1183 2265 1214 Bene-

298 1230 350 1264 (XV
368 1228 427 1257 kal.
445 1228 541 1262 maii.)
659 1241 783 1266 ventam.
798 1235 925 1272 rectori,
938 1243 1030 1266 conc.
1047 1235 1199 1274 potestas
1215 1233 1414 1264 absolvendi
1430 1242 1548 1265 omnes
1565 1234 1645 1265 illos
1662 1235 1721 1274 qui
1736 1237 1854 1266 contra
1869 1236 2017 1267 rectores
2034 1237 2262 1268 Beneventan.

660 1290 693 1320 et
707 1289 872 1320 officiales
887 1297 1005 1319 eorum
1021 1296 1183 1319 excessus
1200 1289 1448 1327 perpetrarunt.
1467 1287 1520 1327 (A.
1538 1288 1587 1324 11,
1602 1287 1625 1318 f.
1642 1289 1701 1318 527
1719 1293 1748 1324 ³3
1771 1287 1807 1318 V.
1825 1289 1875 1323 69,
1890 1297 1942 1328 ep.
1958 1290 1998 1320 90
2014 1288 2050 1319 de
2065 1291 2144 1328 cur.)

372 1344 410 1372 Ut
437 1352 461 1372 s.
707 1339 842 1371 10156.
860 1358 898 1364 -
914 1340 1082 1381 Arckiep.o
1096 1339 1296 1381 Neapolitan.
1311 1340 1424 1371 mand.
1443 1341 1480 1370 ut
1496 1340 1656 1380 praedicto
1673 1349 1760 1380 mag.
1779 1341 1966 1373 Guillelmo
1982 1342 2017 1372 in
2034 1342 2180 1382 negotiis
2197 1342 2265 1374 sibi

660 1395 856 1427 commissis
871 1395 1025 1426 assistat.
1042 1394 1096 1430 (A.
1116 1395 1165 1431 11,
1182 1394 1206 1424 f.
1221 1395 1280 1425 527
1297 1399 1325 1429 ⁸3
1347 1393 1381 1423 V.
1398 1394 1449 1428 69,
1467 1402 1519 1432 ep.
1536 1395 1574 1425 91
1588 1393 1625 1423 de
1641 1396 1719 1432 cur.)

302 1451 340 1479 21
362 1459 425 1487 apr.
450 1450 538 1479 1319.
707 1446 842 1477 10157.
864 1466 901 1470 —
917 1447 1050 1478 Joannes
1072 1446 1204 1478 decanus
1220 1452 1247 1477 ee
1278 1445 1431 1478 Walterus
1454 1445 1576 1477 scolast.
1599 1446 1671 1477 eccl.
1693 1447 1903 1479 Constantien.
1922 1449 2128 1488 deputantur
2144 1449 2265 1480 vicarii

299 1495 343 1532 (¹¹
362 1496 420 1524 kal.
439 1495 535 1527 maii.)
660 1502 694 1533 in
714 1502 912 1542 episcopatu
928 1501 1162 1532 Constantien.
1183 1501 1217 1531 in
1235 1500 1476 1540 spiritualibus
1492 1502 1524 1531 et
1540 1500 1800 1540 temporalibus,
1817 1510 1993 1541 quousque
2009 1503 2074 1533 eid.
2093 1503 2172 1534 eccl.
2194 1502 2266 1534 fue-

659 1556 705 1587 rit
727 1556 766 1586 de
786 1557 921 1595 pastore
937 1554 1126 1594 provisum.
1142 1554 1196 1594 (A.
1217 1555 1266 1590 11,
1288 1553 1311 1585 f.
1328 1554 1388 1585 528
1405 1553 1439 1590 ¹¹;
1463 1553 1497 1584 V.
1514 1555 1567 1590 69,
1587 1562 1639 1593 ep.
1657 1555 1696 1585 93
1711 1553 1748 1584 de
1763 1555 1843 1592 cur.)

378 1609 414 1637 Ut
429 1617 453 1636 s.
707 1606 841 1637 10158.
866 1627 904 1631 —
927 1607 1011 1648 May.
1038 1607 1197 1638 Bernardo
1222 1607 1258 1638 de
1280 1606 1523 1644 Montevalrano,
1547 1606 1666 1638 archid.
1690 1607 1857 1637 Sicaleniae
1879 1608 1912 1638 in
1936 1608 2007 1638 eccl.
2032 1608 2216 1645 Bituricen.,
2237 1614 2266 1640 et

659 1663 754 1693 Petro
774 1661 924 1699 Durandi,
946 1671 1012 1691 can.
1031 1661 1242 1698 Ebredunen.,
1260 1659 1326 1692 ΡΡ.
1345 1670 1425 1700 cap„
1444 1661 1485 1692 A.
1503 1660 1540 1691 S.
1566 1661 1700 1696 nunciis,
1719 1661 1832 1692 mand.
1850 1662 1887 1692 ut
1905 1670 2022 1692 omnes
2044 1663 2265 1701 pecuniarum

660 1724 814 1747 summas
831 1715 869 1746 E.
887 1716 929 1747 R.
945 1715 1078 1746 debitas
1095 1715 1130 1745 in
1147 1715 1343 1752 Treveren.‚
1361 1714 1563 1754 Maguntin„
1583 1714 1757 1745 Colonien.
1779 1716 1811 1745 et
1830 1714 2068 1755 salzeburgen.
2092 1716 2199 1753 civit.,
2218 1716 2263 1747 di.

660 1772 693 1801 et
705 1769 892 1809 provinciis
909 1770 1024 1808 petant
1040 1771 1071 1800 et
1090 1769 1238 1808 exigant.
1256 1768 1310 1808 (A.
1331 1770 1380 1805 11,
1398 1767 1421 1798 f.
1439 1769 1500 1800 529
1514 1773 1544 1805 ³3
1567 1768 1602 1799 V.
1626 1769 1678 1805 69,
1696 1777 1748 1807 ep.
1768 1770 1806 1799 94
1822 1768 1859 1798 de
1875 1778 1959 1805 cur.;
1978 1768 2106 1807 Biezler,
2125 1769 2262 1800 Vatika·

661 1823 778 1854 nische
794 1823 919 1858 Akten,
935 1831 969 1853 n.
991 1821 1074 1861 154.)

377 1875 414 1903 Ut
433 1884 457 1903 s.
708 1874 843 1905 10159.
864 1895 901 1899 -
919 1876 998 1916 Beqi
1016 1875 1178 1906 Bokemiae.
1195 1875 1360 1906 Hortatur
1375 1875 1488 1914 ipsum
1507 1874 1575 1906 ΡΡ.
1594 1876 1630 1906 ut
1648 1876 1707 1907 580
1727 1875 1882 1906 marchas
1897 1884 2094 1915 grossorum
2110 1876 2266 1908 denario-

662 1939 738 1962 rum
757 1930 976 1970 Pragentium
995 1930 1037 1960 ad
1053 1929 1186 1968 pondus
1200 1928 1400 1963 Moravieu.,
1419 1929 1470 1968 (64
1486 1928 1617 1968 grossis
1634 1937 1694 1968 pro
1711 1928 1847 1959 marcha
1863 1929 2013 1968 qualibet
2033 1930 2263 1970 computatis),

662 1984 702 2015 de
719 1984 863 2024 pecunia
880 1983 1019 2014 decimae
1035 1983 1069 2012 in
1085 1984 1184 2013 terrae
1201 1983 1325 2013 sanctae
1346 1981 1539 2012 subsidium
1563 1982 1731 2021 deputatae
1747 1990 1807 2021 per
1823 1983 1866 2013 cl.
1886 1991 1950 2013 me.
1968 1983 2196 2014 Venzeslaum
2214 1992 2266 2015 re-

661 2046 736 2078 gem
751 2037 934 2072 Bohemiae,
949 2045 1009 2076 pro
1022 2036 1118 2077 regni
1133 2035 1186 2066 sui
1202 2034 1466 2066 necessitatibus
1483 2037 1648 2075 receptas,
1665 2036 1705 2066 de
1725 2035 1850 2075 quibus
1871 2045 1906 2066 se
1923 2038 2032 2075 apost.
2049 2036 2123 2067 sedi
2140 2036 2266 2077 obliga-

661 2093 767 2128 verat,
783 2090 955 2130 praedictis
970 2090 1141 2121 Bernardo
1155 2091 1187 2120 et
1203 2089 1304 2120 Petro
1322 2089 1491 2120 restituat.
1509 2089 1561 2129 (A.
1584 2090 1633 2126 11,
1649 2089 1671 2120 f.
1691 2090 1750 2120 529
1764 2094 1793 2125 ³5
1818 2089 1855 2120 V.
1869 2091 1920 2126 69,
1941 2098 1994 2129 ep.
2008 2091 2047 2121 95
2063 2089 2099 2120 de
2117 2090 2196 2130 cur.)

380 2142 416 2170 Ut
435 2151 458 2170 s.
708 2141 843 2173 10160.
858 2162 896 2167 -—
911 2143 1072 2173 Praedictis
1091 2142 1209 2173 nuntiis
1223 2151 1315 2173 conc.
1333 2143 1484 2182 potestas
1504 2142 1640 2182 petendi
1661 2143 1694 2173 et
1711 2142 1869 2182 exigendi
1887 2143 2063 2182 praefatam
2083 2151 2265 2174 summam.

650 2197 713 2247 (A.
733 2199 781 2234 11,
803 2197 826 2228 f.
841 2199 901 2229 529
917 2197 949 2234 ¹³3
974 2197 1011 2228 V.
1029 2197 1080 2233 69,
1097 2204 1150 2236 ep.
1168 2197 1207 2228 96
1223 2196 1259 2226 de
1276 2196 1356 2236 cur.)

380 2249 416 2277 Ut
435 2258 459 2277 s.
708 2249 843 2280 10161.
862 2268 898 2274 -—-·
914 2250 1030 2282 Joanni
1043 2250 1157 2281 decano
1173 2253 1201 2280 et
1224 2248 1357 2280 Waltero
1372 2248 1492 2280 scolast.
1510 2249 1720 2280 Constaneien.
1739 2249 1862 2279 vicariis
1877 2250 1909 2279 in
1925 2250 2104 2290 episcopatu
2121 2248 2267 2280 Constan-

662 2306 733 2335 tien.
751 2309 834 2335 auct.
851 2308 951 2345 apost.
966 2303 1119 2343 deputatis
1134 2303 1247 2334 mand.
1266 2304 1303 2334 ut
1319 2302 1450 2334 fructus
1466 2302 1508 2334 ad
1523 2311 1677 2334 mensam
1694 2303 1842 2342 episcop.
1861 2303 2090 2334 Constantien.
2106 2304 2140 2334 in
2153 2303 2267 2343 aliqua

662 2359 761 2390 archa
780 2358 925 2397 singulis
945 2357 1147 2397 septimanis
1170 2365 1274 2396 penes
1290 2356 1438 2396 priorem
1456 2358 1489 2388 et
1506 2365 1602 2387 conv.
1620 2357 1657 2387 F.
1679 2357 1716 2388 O.
1734 2357 1771 2387 P.
1791 2356 1973 2395 deponant,
1991 2365 2099 2396 usque
2115 2357 2158 2387 ad
2175 2365 2266 2387 sum-

663 2421 753 2443 mam
769 2413 830 2443 600
847 2411 971 2442 march.
995 2410 1138 2451 argenti,
1160 2419 1234 2450 quae
1255 2418 1274 2440 a
1296 2409 1420 2450 quond.
1442 2410 1590 2441 Henrico
1611 2418 1686 2449 ep.0
1711 2410 1943 2441 Constantien.
1963 2411 1995 2441 et
2018 2409 2268 2449 praedecessore

664 2474 738 2502 suo,
754 2465 794 2496 de
812 2465 943 2496 decima
960 2465 996 2495 in
1015 2463 1208 2495 subsidium
1223 2463 1322 2495 terrae
1336 2464 1460 2494 sanctae
1473 2463 1644 2503 deputata,
1663 2463 1839 2494 debentur.
1857 2462 1910 2501 (A.
1927 2464 1976 2497 11,
1993 2462 2015 2494 s.
2035 2463 2095 2494 530
2109 2467 2138 2500 *ς
2162 2462 2197 2494 V.
2215 2464 2266 2501 69,

664 2528 717 2558 ep.
734 2518 773 2549 97
792 2518 828 2548 de
845 2519 925 2556 cur.)

382 2570 419 2598 Ut
435 2578 459 2598 s.
711 2568 846 2600 10162.
867 2588 905 2594 -
923 2570 1001 2601 Abb.
1020 2575 1152 2601 monast.
1172 2569 1208 2601 de
1225 2570 1420 2606 Miromonte,
1438 2570 1582 2601 Cisterc.
1601 2570 1686 2607 ord.‚
1707 2569 1891 2608 Lingonen.
1915 2568 1974 2604 (11,,
1994 2568 2106 2600 mand.
2127 2570 2163 2600 ut
2177 2577 2266 2609 mag.

665 2625 838 2656 Bernardo
860 2625 900 2655 de
918 2623 1186 2660 Montevalrano‚
1206 2623 1332 2655 archid.
1355 2623 1537 2663 Sigaloniae
1553 2623 1586 2653 in
1606 2622 1686 2654 eccl.
1704 2621 1902 2658 Bituricen„
1929 2622 1962 2652 et
1983 2621 2083 2652 Petro
2100 2621 2267 2660 Durandi,

666 2687 738 2710 can.
763 2677 991 2714 Ebredunen.,
1016 2677 1055 2707 A.
1074 2677 1107 2709 S.
1132 2677 1262 2708 nuntiis
1280 2676 1323 2708 ad
1338 2679 1453 2717 partes
1472 2675 1669 2710 Alemaniae,
1694 2675 1854 2706 concedat
1872 2673 2059 2713 hospitium
2080 2675 2170 2714 quod
2195 2674 2269 2715 ipse

665 2731 766 2763 habet
781 2732 817 2762 in
830 2731 921 2762 civit.
941 2731 1064 2762 Meten.
1086 2730 1137 2769 (A.
1156 2732 1205 2766 11,
1223 2730 1246 2761 f.
1261 2731 1320 2762 530
1338 2730 1369 2768 ¹23
1391 2730 1427 2761 V.
1447 2732 1498 2767 69,
1517 2738 1569 2769 ep.
1587 2730 1626 2760 98
1643 2727 1679 2758 de
1693 2736 1775 2763 σατις
1790 2726 1918 2763 Coulon,
1936 2732 1969 2757 n⁰
1983 2727 2070 2767 855.)

314 2782 357 2810 22
369 2790 433 2819 apr.
451 2782 539 2810 1319.
714 2781 848 2813 10163.
866 2803 900 2808 -
922 2783 1035 2815 Carolo
1048 2784 1258 2826 primoqenito
1277 2783 1403 2815 Boberei
1419 2783 1500 2824 regis
1517 2781 1643 2818 Siciliae,
1664 2780 1735 2811 duci
1757 2779 1919 2816 Calabriae,
1941 2779 2037 2820 ejusd.
2056 2780 2138 2820 reyis
2152 2780 2270 2812 vicario

316 2830 346 2863 (Χ
366 2826 425 2855 kal.
445 2826 539 2861 maii.)
667 2837 818 2880 yenerali,
841 2838 953 2869 mand.
972 2839 1008 2869 ut
1031 2846 1149 2869 omnes
1168 2837 1248 2869 cler.
1272 2838 1305 2868 et
1322 2836 1429 2868 laicos
1452 2836 1492 2866 de
1515 2835 1607 2866 civit.
1632 2834 1859 2865 Beneventan.
1878 2832 2049 2870 bannitos‚
2065 2833 2270 2874 ubicumque

671 2891 760 2923 infra
774 2900 915 2932 regnum
942 2891 1067 2922 Siciliae
1084 2891 1168 2922 citra
1190 2891 1316 2922 Farum
1342 2889 1461 2920 haberi
1486 2887 1644 2928 poterint,
1669 2886 1895 2926 personaliter
1919 2886 1992 2925 capi
2015 2886 2126 2923 faciat,
2148 2888 2270 2919 rectori

669 2946 907 2977 Beneventano
923 2944 1158 2976 remittendos.
1183 2943 1235 2985 (Α.
1256 2946 1304 2979 11,
1322 2943 1345 2974 f.
1363 2943 1422 2974 528
1438 2942 1451 2963 b
1460 2951 1469 2978 3
1495 2940 1528 2970 V.
1545 2942 1596 2977 69,
1615 2948 1668 2979 ep.
1685 2940 1725 2971 92
1741 2938 1777 2969 de
1793 2939 1873 2979 cur.)
