2592 3562
469 319 722 351 APPENDICES
744 319 801 351 AD
822 319 1003 351 TERTIUM
1027 319 1175 351 ANNUM
1197 321 1393 352 BULLARII
1414 321 1588 352 JOANNIS
1611 322 1712 355 XXII.
1733 342 1770 346 —
1785 326 2020 364 (1316-1334)
2197 329 2259 359 459

304 1310 342 1337 16
357 1313 410 1337 oct.
428 1310 516 1338 1318.

239 1353 270 1380 In
284 1353 362 1383 civit.
381 1355 582 1384 Constantien.

309 1576 501 1611 Maceratae.

300 1630 337 1656 19
351 1633 405 1657 oct.
427 1629 515 1663 1318,

301 1673 457 1702 indictione
474 1675 507 1702 1¹.

297 1896 334 1924 18
347 1896 406 1924 dec.
424 1897 512 1926 1318.

248 2008 352 2035 Datum
373 2004 557 2039 Avenione.

221 2056 255 2084 14
272 2058 306 2092 (11
325 2056 378 2092 id.)
394 2061 476 2085 mart.
500 2059 588 2086 1319.

250 2111 389 2139 Avinione
403 2111 433 2138 in
450 2111 558 2146 palatio

250 2157 357 2190 apost„
370 2164 447 2184 anno
463 2157 552 2189 1319,

215 2198 372 2228 indictione
390 2201 430 2234 2·,
454 2201 491 2229 16
504 2205 587 2230 mart.

215 2244 333 2272 loannis
349 2245 421 2272 XXII
436 2254 512 2274 anno
530 2246 588 2274 111⁰.

215 2375 375 2405 indictione
389 2378 429 2410 2⁸,
442 2378 488 2406 die
501 2386 587 2406 vene-

251 2421 291 2448 ris
309 2421 347 2449 16
361 2426 443 2450 mart.
464 2423 550 2452 1319.

363 2643 398 2671 Ut
412 2652 436 2671 s.

225 2747 243 2776 5
259 2750 335 2780 maii,
348 2757 398 2777 cra
413 2750 505 2782 1357·‚
522 2752 575 2779 sub

247 2801 324 2820 anno
341 2796 370 2821 et
388 2794 550 2823 nativitatis

311 2836 375 2864 D.ni
397 2838 483 2865 1319.

1392 793 1521 844 ΙΙΙ

672 933 900 965 Instrumenta
922 931 1067 965 archivii
1092 930 1202 965 Castri
1227 931 1350 964 Sancti
1372 931 1500 975 Anqeli
1523 931 1607 964 anni
1628 932 1723 965 tertii
1736 932 1963 977 pontificatus
1978 933 2120 967 Joanm's
2140 935 2243 967 XXII

741 1009 845 1048 prout
865 1002 901 1036 in
921 1002 1114 1036 inventario
1135 1001 1369 1047 Garampiano
1384 1002 1526 1046 jacent¹
1549 1002 1602 1035 vel
1622 1003 1657 1036 in
1675 1003 1835 1036 armariis
1854 1003 2006 1048 ejusdem
2026 1004 2173 1038 archivii

1339 1073 1572 1107 inveniuntur.

696 1304 711 1322 V
722 1306 855 1338 10270.
872 1326 911 1331 -
926 1309 1088 1340 Instrum.
1102 1309 1279 1340 continens
1295 1307 1442 1348 qualiter
1454 1307 1606 1338 Henricus
1617 1318 1714 1339 comes
1725 1309 1761 1339 de
1780 1309 1980 1350 Werdenberq
1995 1319 2097 1350 praep.
2112 1319 2139 1342 s.
2153 1311 2173 1342 J
2176 1319 2252 1342 oan-

652 1363 707 1393 nis
721 1364 754 1393 et
782 1371 854 1393 can.
875 1362 1107 1393 Constantien.
1133 1361 1213 1392 eccl.
1232 1370 1271 1392 se
1295 1361 1460 1401 obligavit
1476 1361 1607 1392 solvere
1630 1362 1731 1393 Petro
1749 1363 1901 1394 Durandi
1921 1364 2021 1403 Papae
2037 1372 2107 1403 cap.
2125 1366 2158 1395 et
2175 1364 2254 1396 Ber-

651 1416 757 1446 nardo
771 1415 811 1446 de
825 1415 1092 1452 Montevalrano,
1106 1415 1146 1446 A.
1163 1415 1196 1446 S.
1213 1414 1344 1446 nuntiis
1358 1414 1394 1445 in
1410 1423 1512 1454 regno
1527 1414 1739 1446 Alamanniae
1754 1417 1795 1446 ad
1812 1416 2038 1456 colligendum
2050 1417 2182 1448 fructus
2199 1417 2253 1448 he-

650 1469 718 1499 nef.
735 1477 820 1504 vac„
837 1470 896 1500 273
919 1468 1045 1499 march.
1062 1477 1138 1499 cum
1160 1468 1303 1499 dimidia
1329 1476 1412 1508 arg„
1429 1477 1514 1508 quas
1539 1468 1573 1499 in
1598 1469 1774 1508 provincia
1789 1470 2024 1501 Constantien.
2041 1473 2198 1510 exegerat
2215 1472 2254 1502 ut

650 1521 810 1553 collector
827 1522 998 1552 fructuum
1015 1530 1156 1552 camerae
1173 1523 1282 1561 apost.
1300 1521 1502 1552 debitorum.
1521 1521 1681 1561 (Armario
1699 1521 1733 1559 C,
1746 1522 1823 1561 fasc.
1839 1523 1875 1559 4,
1890 1533 1920 1552 n.
1943 1524 1961 1553 7
1972 1532 1980 1560 ;
1993 1524 2093 1563 per-9.)

693 1570 707 1588 V
718 1572 854 1604 10271.
879 1593 917 1598 -—
936 1575 1123 1606 Processus
1145 1576 1178 1606 et
1193 1575 1362 1606 sententia
1379 1574 1494 1605 Amelii
1510 1575 1635 1605 rectoris
1649 1575 1794 1606 Marchiae
1813 1576 2000 1606 Anconitan.
2014 1578 2130 1608 contra
2147 1577 2254 1608 consi-

648 1629 732 1660 lium
752 1631 784 1660 et
800 1629 966 1668 quosdam
984 1628 1117 1660 nobiles
1128 1628 1292 1660 Recanati
1305 1628 1338 1659 S.
1356 1629 1397 1660 R.
1411 1629 1451 1659 E.
1465 1628 1623 1661 rebelles,
1638 1629 1768 1660 scilicet
1780 1630 1799 1659 J
1803 1629 1943 1660 acobum
1957 1630 2029 1660 d.ni
2039 1630 2251 1667 Percivallis,

647 1682 845 1713 Arolectum
859 1682 1030 1719 Cruciani‚
1044 1682 1203 1713 Cerolum
1217 1682 1370 1719 Corradi‚
1387 1682 1568 1713 consilium
1584 1683 1616 1713 et
1630 1691 1808 1713 commune
1820 1683 1969 1714 civitatis
1983 1683 2144 1714 Recanati
2155 1692 2254 1723 prop-

647 1738 699 1767 ter
716 1736 846 1767 scelera
863 1743 992 1771 eorum,
1022 1744 1096 1775 quae
1122 1738 1375 1766 enumerantur.
1396 1736 1496 1774 (Arm.
1513 1735 1605 1772 XIII,
1628 1744 1730 1775 capsa
1749 1746 1794 1773 xi,
1811 1745 1843 1766 n.
1860 1738 1896 1773 43
1914 1738 2044 1776 autogr.
2063 1735 2251 1768 membran.

647 1799 723 1820 cum
736 1798 857 1828 magno
873 1789 988 1829 sigillo
1004 1798 1099 1820 cereo
1113 1788 1217 1820 rubeo
1234 1789 1341 1828 ejusd.
1360 1789 1502 1820 rectoris
1508 1799 1517 1825 ;
1531 1789 1688 1826 Theine1·‚
1703 1788 1806 1819 Codeae
1821 1789 2047 1829 diplomaticus,
2058 1791 2081 1819 t.
2092 1790 2119 1827 Ι,
2136 1799 2168 1829 p.
2179 1790 2250 1828 482,

647 1844 720 1874 doc.
738 1853 864 1874 ncxmv.

694 1893 827 1925 10272.
844 1844 882 1920 -)
897 1896 1094 1927 Mandatum
1111 1905 1263 1936 procurae
1277 1898 1504 1927 mercatorum
1522 1896 1695 1926 societatis
1713 1896 1930 1927 Perutiorum
1942 1897 1982 1927 de
1997 1896 2181 1933 Florentia,
2196 1897 2252 1928 de-

646 1950 888 1990 positariorum
905 1958 1047 1981 camerae
1063 1952 1184 1989 apost,
1206 1950 1248 1980 ad
1265 1949 1481 1989 exigendum,
1498 1948 1731 1988 obligandum,
1748 1952 1809 1980 etc.
1828 1949 1881 1989 (A.
1902 1950 1940 1981 Α.
1961 1949 2069 1988 Instr.)

689 1998 704 2015 V
716 2000 851 2032 10273.
870 2021 909 2026 -
925 2005 1074 2034 Joannes
1091 2005 1152 2035 etc.
1181 2003 1223 2034 ad
1240 2011 1334 2042 perp.
1356 2003 1404 2033 rei
1423 2011 1523 2033 mem.
1543 2003 1673 2033 Littera
1691 2011 1794 2042 super
1814 2002 2011 2034 fundatione
2029 2003 2099 2034 ord.
2119 2002 2252 2034 militiae

644 2058 727 2088 Jesu
744 2057 871 2088 Christi
890 2057 924 2087 in
942 2057 1164 2096 Portugallia.
1183 2056 1341 2096 (Armario
1360 2055 1395 2093 C,
1412 2056 1494 2086 fasc.
1512 2058 1542 2092 7,
1559 2065 1592 2087 n.
1611 2057 1649 2090 4;
1667 2065 1779 2096 perg.;
1797 2056 1857 2087 cfr.
1876 2064 1908 2086 n.
1924 2056 2032 2095 9053.)

688 2106 702 2123 V
715 2108 849 2139 10271.
861 2128 898 2132 -
910 2110 1125 2142 Raimundus
1135 2110 1279 2141 Juvenis
1290 2110 1426 2141 scolast.
1438 2109 1699 2149 petragoricen„
1711 2110 1812 2140 curiae
1824 2118 1965 2140 camerae
1977 2118 2071 2149 papae
2081 2109 2251 2149 generalis

645 2164 792 2201 auditor,
814 2166 932 2195 notum
961 2164 1041 2195 facit
1058 2164 1148 2204 quod
1175 2163 1359 2195 Rainerius
1375 2163 1501 2203 quond.
1525 2163 1643 2193 Pacini
1664 2163 1705 2194 de
1723 2163 1872 2193 Perutiis
1888 2165 1920 2194 et
1936 2163 2051 2202 Lapus
2074 2162 2251 2194 Michaelis

645 2218 865 2248 ostenderunt
882 2217 950 2257 ipsi
964 2219 997 2248 et
1019 2217 1169 2248 thesaur.
1190 2217 1290 2256 Papae
1304 2216 1473 2257 quoddam
1491 2217 1758 2247 instrumentum
1775 2225 1841 2256 quo
1858 2217 2112 2247 constituuntur
2129 2225 2252 2255 procu-

644 2273 776 2302 ratores
791 2271 966 2302 societatis
985 2270 1201 2302 Perutiorum
1214 2270 1254 2301 de
1266 2270 1451 2306 Florentia,
1468 2270 1509 2300 ad
1522 2270 1657 2309 negotia
1668 2279 1722 2309 ap.
1739 2269 1772 2301 S.
1785 2272 1825 2300 Α.
1840 2269 1941 2309 (Arm.
1959 2268 1995 2304 C,
2010 2269 2091 2300 fasc.
2105 2271 2155 2306 31,
2167 2278 2199 2300 n.
2213 2270 2248 2305 2;

643 2332 738 2364 perg.
761 2333 837 2355 cum
854 2324 968 2364 sigillo
989 2333 1073 2355 cerae
1091 2323 1203 2355 rubeae
1220 2323 1322 2355 curiae
1337 2331 1479 2354 camerae
1497 2325 1530 2353 et
1547 2324 1632 2354 vitta
1648 2323 1907 2354 membranacea
1922 2322 2115 2362 pendente.)

686 2373 701 2390 V
713 2375 847 2407 10275.
861 2396 899 2401 —
909 2378 1160 2410 Conventiones
1173 2377 1296 2408 habitae
1313 2377 1402 2408 inter
1417 2377 1642 2407 thesaurarium
1654 2376 1748 2417 Papae
1761 2381 1788 2406 et
1802 2376 1897 2406 socios
1909 2375 2063 2406 societatis
2075 2375 2249 2406 Bardorum

643 2431 680 2462 de
691 2431 852 2462 Florentia
864 2440 925 2471 pro
941 2431 1097 2471 pecuniis
1108 2431 1196 2471 ipsis
1209 2439 1228 2462 a
1244 2431 1366 2471 legatis
1382 2431 1417 2463 S.
1433 2431 1473 2462 A.
1493 2430 1528 2461 in
1546 2430 1701 2470 partibus
1717 2430 1860 2469 Angliae,
1878 2429 1997 2460 Scotiae
2014 2430 2046 2460 et
2061 2428 2247 2465 Hiberniae,

642 2485 677 2516 in
693 2493 796 2525 regno
810 2486 927 2525 Cypri,
941 2485 1134 2525 principatu
1142 2484 1289 2524 Achajae,
1301 2484 1531 2524 patriarchatu
1541 2483 1919 2522 Constantinopolitan.‚
1937 2481 2248 2521 aliisquespartihus

642 2539 871 2579 assignandis,
887 2541 920 2570 et
936 2547 996 2578 per
1011 2539 1106 2579 ipsos
1121 2547 1263 2569 camerae
1280 2539 1388 2577 apost.
1404 2537 1609 2569 deferendis.
1627 2537 1728 2576 (Arm.
1747 2535 1783 2572 C,
1800 2536 1880 2566 fasc.
1897 2536 1946 2566 1¹.
1962 2543 1994 2566 n.
2012 2536 2048 2570 45
2062 2542 2155 2574 perg.
2171 2543 2247 2566 cum

642 2592 757 2631 sigillo
774 2593 876 2624 curiae
893 2601 1035 2623 camerae
1052 2601 1136 2623 cerae
1151 2591 1264 2623 rubeae
1284 2593 1315 2623 et
1335 2591 1420 2622 vitta
1437 2590 1695 2622 membranacea
1714 2589 1907 2628 pendente.)

683 2641 698 2658 V
711 2643 845 2674 10276.
863 2663 901 2668 -
916 2645 1166 2677 conventiones
1180 2645 1313 2676 similes
1327 2645 1415 2676 inter
1429 2645 1562 2675 thesaur.
1576 2644 1669 2683 Papae
1682 2647 1710 2672 et
1721 2642 1819 2672 socios
1831 2641 1984 2671 societatis
1997 2640 2194 2670 Perusiorum
2209 2639 2246 2671 de

642 2698 810 2730 Florentia.
825 2699 924 2739 (Arm.
943 2698 979 2736 C,
998 2699 1079 2730 fasc.
1101 2700 1151 2736 11,
1168 2707 1201 2730 n.
1220 2700 1239 2730 3
1250 2708 1259 2735 ;
1279 2707 1371 2738 perg.
1391 2698 1446 2729 cui
1464 2698 1586 2737 pendet
1603 2698 1735 2727 tantum
1747 2695 1832 2726 vitta
1848 2694 2129 2731 membranacea.)

684 2748 698 2764 V
714 2749 845 2781 10277.
866 2770 905 2775 —
921 2751 1089 2792 Dionysius
1105 2761 1160 2782 rex
1173 2751 1375 2792 Portuqalliae
1388 2756 1416 2781 et
1429 2750 1573 2790 Alqarbii
1584 2749 1710 2788 recepit
1721 2750 1754 2779 et
1766 2747 1929 2787 approbat
1945 2747 2012 2777 litt.
2023 2746 2166 2777 Joannis
2180 2746 2244 2777 Pa-

640 2814 691 2845 pae
705 2796 980 2837 XXIIdatarum
995 2816 1018 2836 11
1039 2806 1084 2836 id.
1105 2808 1204 2837 mart.
1222 2809 1255 2836 a⁰
1275 2806 1339 2836 111⁰
1357 2807 1389 2836 et
1410 2803 1662 2835 instituentium
1686 2802 1758 2833 ord.
1780 2801 1912 2832 militiae
1928 2800 2012 2831 Jesu
2035 2799 2173 2836 Christi,
2188 2799 2243 2830 cui

641 2859 712 2890 ord.
729 2859 817 2890 hona
832 2859 1104 2898 'templariorum
1120 2859 1214 2899 regni
1227 2858 1444 2898 Portugalliae
1457 2856 1634 2888 concessit.
1648 2855 1749 2895 (Arm.
1767 2854 1802 2890 C,
1819 2854 1899 2884 fasc.
1917 2855 1947 2888 7,
1964 2861 1995 2883 n.
2011 2853 2029 2884 5
2042 2862 2050 2888 ;
2065 2861 2156 2892 perg.
2173 2859 2242 2883 ma-

641 2920 760 2952 gnum3
779 2912 874 2943 deest
894 2912 1058 2952 sigillum.

671 3023 694 3047 1.
707 3021 788 3050 Vide,
802 3023 876 3046 tome
889 3021 912 3050 Ι,
926 3028 950 3053 p.
968 3023 1022 3049 495.
1039 3023 1104 3047 note
1123 3023 1145 3047 1.
