2592 3562
373 318 433 349 39⁴

404 407 508 436 Datum
527 402 711 436 Avenione.

515 474 603 482 —-v·

445 671 481 698 19
495 671 563 705 jun.
581 670 666 698 1319.

445 716 512 751 (xm
529 714 588 742 kal.
604 714 672 751 jul.)

486 760 516 787 T.
531 760 624 787 xxlv.

516 1098 552 1126 Ut
569 1098 592 1125 s.

465 1143 495 1170 T.
509 1143 555 1176 xl,
570 1143 642 1170 XIII.

438 1419 478 1446 20
491 1418 559 1453 jun.
579 1419 666 1446 1319.

446 1466 500 1497 (xu
515 1463 574 1490 kal.
589 1463 657 1499 jul.)

473 1508 503 1535 T.
522 1509 554 1542 X,
576 1509 633 1535 XII.

514 1633 550 1661 Ut
566 1641 590 1660 s.

497 1678 527 1705 T.
550 1678 606 1705 XX.

515 1847 550 1874 Ut
566 1855 589 1874 s.

407 1891 452 1918 Gr.
469 1899 520 1925 pro
540 1899 616 1926 pers.
636 1895 696 1919 not.

513 2006 549 2034 Ut
569 2015 592 2033 s.

408 2050 453 2077 Gr.
472 2059 523 2085 pro
543 2060 619 2086 pers.
637 2054 696 2079 not.

443 2166 559 2200 22jun.
580 2166 666 2195 1319.

460 2214 489 2243 (x
509 2211 567 2238 kal.
582 2211 645 2247 jul.)

511 2487 547 2514 Ut
566 2495 590 2514 s.

519 2808 555 2835 Ut
572 2816 595 2835 s.

474 2852 504 2878 T.
519 2852 552 2883 X,
571 2852 631 2879 XII.

773 311 947 344 JOANNIS
970 311 1088 343 PAPAE
1110 311 1213 344 XXII.
1237 311 1475 352 (mm-1384)
1495 329 1536 335 —
1556 310 1743 342 LITTERAE
1764 309 1991 342 COMMUNES

800 508 895 546 eccl„
913 510 947 539 et
969 507 1104 548 paroch.
1121 506 1203 538 eccl.
1221 505 1262 538 de
1278 505 1457 538 Rivotorto
1473 507 1577 545 (omn.
1592 507 1633 538 50
1653 504 1713 537 lib.
1728 504 1823 545 tuin),
1839 505 2007 537 Viennen.
2029 505 2063 537 et
2079 504 2236 537 Anieien.
2254 504 2302 538 di.
2316 522 2356 528 —
2370 504 2399 537 1.

799 570 828 594 e.
849 570 894 593 m.
914 561 1020 601 priori
1038 562 1183 591 monast.
1199 567 1227 590 s.
1247 558 1374 591 Felicis
1389 559 1576 596 valentin„
1593 567 1653 599 per
1669 558 1817 599 priorem
1833 557 1928 590 soliti
1941 557 2034 599 gub„
2051 559 2085 590 et
2098 566 2202 599 praep.
2219 557 2399 597 Tolonen.,

799 623 836 646 ao
853 614 1004 646 sacristae
1018 612 1132 645 saecul.
1149 613 1189 644 de
1205 611 1370 644 Romanis
1386 612 1481 650 eccl..
1501 612 1667 644 Viennen.
1685 611 1732 644 di.
1747 611 1802 652 (A.
1821 612 1870 649 12,
1889 611 1912 643 s.
1927 612 1987 644 327
2003 616 2038 649 ·;
2059 610 2094 643 V.
2108 613 2162 649 69,
2179 620 2233 652 ep.
2253 612 2360 652 1219.)

843 665 954 698 9587.
971 685 1008 690 -
1026 666 1141 699 Facul.
1168 665 1330 698 Guillelmo
1350 675 1422 708 ep.o
1443 665 1591 698 Sabinen.
1620 665 1807 706 recipiendi
1827 665 1991 706 resignat.
2014 673 2133 698 canon.
2159 665 2350 698 Florentia.
2366 666 2401 697 et

798 731 826 753 s.
846 721 989 753 Caeciliae
1007 721 1048 752 de
1064 720 1167 757 Urbe,
1184 729 1244 761 per
1269 719 1450 752 Mathaeum
1474 719 1600 760 quond.
1617 718 1783 750 Leonardi
1807 718 1978 751 Guidonis
2002 718 2126 751 militis
2141 718 2184 751 de
2205 718 2400 757 Turricula.

798 784 927 807 necnon
946 783 1078 811 canon„
1097 773 1200 815 praeb.
1217 782 1255 805 ac
1271 773 1451 805 archidiac.
1469 772 1572 804 castri
1591 771 1764 812 Rodulphl
1780 771 1816 804 in
1831 771 1911 804 eccl.
1927 771 2127 808 Bituricen„
2142 779 2204 813 per
2220 771 2402 805 Nicolaum

800 828 898 859 Pauli
914 828 955 859 de
971 827 1093 859 Fuscis
1108 827 1148 859 de
1166 826 1256 860 Urbe
1271 835 1314 859 ex
1326 835 1429 858 causa
1443 825 1705 867 permutationis
1721 825 1904 864 faciendas,
1921 825 2079 866 dictaque
2095 833 2228 862 canon..
2244 826 2349 867 praeb.
2366 826 2402 858 et

798 881 978 913 archidiac.
990 881 1089 921 juxta
1104 880 1279 921 praefata-m
1295 880 1578 921 permutationem
1588 878 1796 914 conferendi,
1811 886 1878 910 non
1894 877 1981 911 obst.
1999 879 2087 919 quod
2103 879 2269 912 Mathaeus
2284 887 2313 911 s.
2328 878 2399 912 sto-

798 934 901 975 phani
919 935 1105 967 velletren.
1122 935 1154 966 et
1172 934 1206 967 S.
1235 934 1281 966 M.
1299 934 1341 965 de
1362 933 1512 968 Julian0‚
1532 932 1717 964 velletren.
1736 932 1797 969 di.‚
1814 931 1990 969 eeclesias,
2006 933 2039 964 et
2059 932 2096 963 in
2113 931 2314 969 velletren„
2330 932 2401 965 die»
2448 943 2449 946 ¹

797 990 920 1028 tusque
947 987 1111 1020 Nicolaus
1133 988 1168 1019 in
1197 988 1338 1020 Trecen.
1357 987 1438 1019 eccl.
1464 994 1582 1018 canon.
1609 987 1642 1017 et
1662 985 1766 1026 praeb.
1786 984 1950 1016 obtinent.
1975 985 2031 1026 (A.
2047 985 2098 1022 12,
2115 985 2140 1018 f.
2153 987 2216 1019 429
2229 991 2264 1023 ⁸3
2287 986 2331 1019 V.
2345 987 2400 1022 09,

797 1050 849 1082 ep.
868 1041 973 1081 1387.)

841 1092 953 1124 9588.
973 1113 1011 1118 -
1025 1094 1142 1126 loanni
1164 1093 1305 1135 AE'qidii,
1330 1094 1410 1125 cler.
1431 1093 1556 1134 reginae
1573 1091 1731 1124 Castellae
1747 1093 1781 1124 et
1794 1091 1967 1132 Legionis,
1985 1091 2147 1132 supplic„
2163 1101 2260 1133 prov.
2277 1100 2400 1125 canon.

798 1148 878 1179 eccl.
898 1148 1074 1189 Seguntin.
1096 1147 1160 1179 sub
1173 1156 1268 1188 exsp.
1289 1147 1392 1188 praeb.
1410 1155 1487 1178 cum
1505 1145 1750 1186 praestimoniis
1765 1146 1798 1177 et
1817 1144 2145 1185 praestimonialibus
2161 1145 2399 1186 portionibusz

798 1210 864 1233 non
884 1201 971 1233 obst.
996 1202 1031 1233 in
1045 1202 1268 1233 Salamantin.
1285 1201 1431 1241 quadam
1448 1208 1543 1240 perp.
1560 1199 1716 1239 portione
1729 1207 1807 1230 cum
1827 1198 2084 1239 praestimoniis,
2101 1200 2134 1231 et
2150 1199 2186 1231 in
2200 1199 2242 1231 de
2257 1207 2286 1232 s.
2305 1198 2401 1241 Ξεί-

797 1255 853 1286 dio
868 1256 900 1287 et
914 1255 954 1287 de
971 1255 1106 1287 Tairico
1123 1255 1165 1296 (⁶2)
1191 1253 1333 1295 integris
1358 1254 1391 1285 et
1406 1253 1441 1284 in
1458 1253 1498 1284 de
1517 1253 1550 1284 la
1571 1252 1754 1284 Cabreriza
1773 1252 1854 1284 eccl.
1871 1251 1996 1284 mediis
2011 1251 2258 1293 praestimoniis
2279 1251 2350 1293 ipsi
2364 1252 2400 1285 in

797 1308 907 1341 benef.
926 1308 1122 1349 assignatur,
1138 1308 1314 1349 Seguntin.
1331 1309 1364 1339 et
1379 1306 1544 1338 Exonien.
1563 1305 1609 1338 di.
1629 1322 1667 1328 -
1681 1306 1708 1338 I.
1728 1314 1758 1337 e.
1778 1314 1824 1337 m.
1841 1306 1879 1337 ut
1892 1314 1934 1344 s.,
1958 1313 1992 1337 n.
2006 1306 2098 1338 9580.
2115 1305 2170 1346 (A.
2187 1306 2239 1344 12,
2255 1305 2281 1337 f.
2295 1307 2400 1344 Πῶς

805 1362 835 1394 V.
854 1364 906 1396 69.
920 1371 972 1403 ep.
994 1363 1097 1401 1391.)

841 1413 951 1445 9589.
971 1434 1009 1439 -
1026 1415 1183 1457 Alphonso
1195 1415 1325 1447 Joannis
1339 1423 1434 1454 prov.
1451 1422 1569 1445 canon.
1589 1412 1652 1444 sub
1671 1421 1768 1453 exsp.
1785 1412 1888 1453 praeb.
1903 1412 1986 1444 eccl.
2003 1413 2180 1445 zamoren.
2197 1421 2275 1445 cum
2298 1420 2402 1454 praes-

796 1469 963 1508 timoniis,
990 1470 1119 1501 consid.
1139 1469 1268 1501 Garsiae
1294 1467 1388 1500 Petri
1413 1466 1674 1499 ambasciatoris
1699 1466 1868 1507 Alphonsi
1885 1466 1976 1507 regis
1992 1466 2152 1499 Castellae
2169 1468 2204 1498 et
2225 1466 2400 1508 Legionis,

797 1523 938 1563 ejusque
954 1523 1088 1554 tutoris.
1109 1541 1145 1546 -
1162 1523 1188 1554 I.
1206 1531 1234 1554 e.
1256 1530 1301 1553 m.
1321 1522 1472 1553 thesaur.
1491 1520 1727 1558 salamantin„
1745 1521 1778 1552 et
1792 1520 1946 1552 sacristae
1961 1519 2214 1558 Vallisoletan„
2229 1519 2400 1553 Palentln.
2433 1545 2435 1547 .

797 1577 857 1614 di.‚
874 1586 912 1607 ac
934 1577 1109 1617 Alphonso
1131 1576 1256 1614 Sancii,
1276 1584 1349 1607 can.
1366 1575 1549 1607 Civitaten.
1569 1574 1649 1606 eccl.
1668 1574 1721 1613 (A.
1736 1576 1788 1610 77,
1802 1574 1826 1605 f.
1843 1575 1904 1606 536
1919 1573 1944 1611 b,
1960 1573 2099 1615 sraym.;
2119 1573 2157 1606 V.
2173 1574 2226 1610 69,
2243 1582 2296 1615 ep.
2315 1573 2402 1615 ΤΗ.)

842 1627 952 1660 9590.
969 1648 1007 1652 -
1028 1630 1144 1662 Facul.
1162 1629 1300 1660 ministro
1321 1633 1351 1660 et
1370 1628 1415 1669 fr.
1433 1627 1468 1659 O.
1489 1628 1532 1659 M.
1550 1627 1588 1659 de
1603 1627 1771 1659 Sclavenia
1784 1627 2007 1668 recipiendia
2020 1636 2053 1659 n.
2067 1636 2100 1659 v.
2119 1627 2213 1659 Bano
2227 1626 2402 1660 Maladino

797 1684 876 1715 eccl.
896 1693 922 1715 s.
940 1684 1095 1720 Joannis,
1119 1684 1323 1715 Scardonen.
1349 1682 1408 1716 di.‚
1428 1690 1488 1721 per
1510 1690 1652 1713 uxorem
1678 1681 1804 1721 quond.
1829 1680 1930 1712 Pauli
1943 1681 2041 1718 Rani,
2061 1680 2142 1713 dicti
2155 1681 2241 1713 Bani
2258 1680 2401 1713 Maladil

797 1739 952 1772 matrem,
967 1737 1166 1768 aedificatam
1191 1736 1307 1776 ibique
1330 1736 1477 1775 ponendi
1494 1737 1708 1767 conventum.
1727 1735 1780 1774 (A.
1798 1735 1848 1776 12,
1863 1734 1884 1765 f.
1903 1735 1963 1765 224
1977 1739 2011 1771 ·;
2033 1734 2069 1766 V.
2087 1735 2140 1772 69,
2154 1742 2207 1774 ep.
2224 1734 2322 1772 12473
2337 1734 2401 1767 Eu·

796 1790 863 1826 bel,
882 1801 929 1831 op.
950 1791 1017 1828 cit.,
1034 1792 1057 1822 t.
1074 1791 1115 1827 V,
1133 1799 1165 1830 p.
1186 1791 1255 1825 170,
1273 1799 1306 1820 n.
1324 1791 1408 1829 369.)

841 1842 952 1873 9591.
973 1862 1011 1867 -—
1026 1844 1213 1885 Arc-luimus
1234 1844 1368 1884 Aquen„
1387 1853 1474 1884 epam
1491 1842 1659 1874 Castellan.
1682 1851 1719 1873 αι·
1735 1841 1803 1872 abb.
1826 1846 1955 1873 monast.
1973 1851 1998 1874 s.
2019 1841 2110 1872 Sabae
2124 1841 2162 1872 de
2179 1841 2259 1873 Urbe
2277 1841 2402 1873 dantur

797 1900 833 1929 ut
845 1898 978 1938 judices
1002 1899 1259 1929 conservatores
1281 1906 1369 1937 mag.
1393 1896 1593 1936 Pandulpho
1611 1896 1652 1927 de
1680 1895 1829 1933 Sabello,
1845 1903 1949 1936 praep.
1967 1895 2008 1926 de
2030 1894 2204 1935 Chableyo
2219 1895 2254 1927 in
2269 1894 2351 1927 eccl.
2364 1893 2399 1926 b.

796 1952 933 1983 Martini
953 1952 1137 1988 Turonen„
1153 1951 1220 1982 ΡΡ.
1238 1953 1305 1982 not.
1324 1951 1377 1988 (A.
1396 1951 1444 1988 12,
1467 1950 1490 1981 f.
1505 1951 1562 1982 ⁴51
1587 1950 1626 1988 ⁸.)

840 2003 951 2034 9592.
969 2022 1007 2027 —
1023 2005 1127 2046 Ep.us
1145 2005 1294 2045 Bur-qen„
1310 2004 1379 2034 abb.
1395 2008 1522 2034 monast.
1538 2013 1563 2035 ε.
1581 2002 1677 2033 Pauli
1691 2003 1728 2033 de
1747 2002 1827 2034 Urbe
1841 2012 1877 2032 ac
1897 2001 2016 2033 archid.
2041 1997 2206 2034 patracen.
2223 2002 2348 2034 dantur
2360 2001 2400 2034 ut

793 2059 926 2099 judices
943 2061 1200 2090 conservatores
1226 2067 1314 2098 mag.
1333 2057 1524 2097 Napoleoni
1541 2057 1582 2088 de
1606 2056 1689 2087 filiis
1710 2056 1803 2093 Ursi,
1831 2055 1958 2087 archid.
1985 2055 2026 2087 de
2052 2055 2233 2096 campinia
2257 2055 2294 2087 in
2315 2054 2398 2087 θοοὶ.

796 2113 971 2149 Leodien„
991 2113 1057 2143 ΡΡ.
1076 2114 1146 2143 not.
1167 2112 1218 2150 (Α.
1235 2113 1284 2148 12,
1302 2111 1325 2142 f.
1342 2113 1403 2143 450
1418 2112 1456 2150 ὃ.)

841 2166 851 2176 “
871 2163 983 2194 9593.
1000 2182 1039 2187 -
1055 2165 1148 2202 Αόὁ.,
1166 2171 1194 2196 ec
1216 2164 1346 2196 Ger-aldo
1361 2165 1397 2195 de
1422 2163 1529 2199 Crosa,
1550 2174 1586 2194 ac
1601 2164 1695 2194 Petro
1708 2162 1745 2194 de
1767 2162 1920 2200 caslucio,
1937 2173 2007 2194 can.
2023 2162 2265 2200 Claromonten„
2283 2162 2398 2195 mand.

796 2221 833 2250 ut
852 2219 968 2256 citent,
987 2219 1076 2249 infra
1094 2228 1140 2249 xx
1165 2219 1239 2250 dies
1259 2218 1488 2258 personaliter
1503 2226 1617 2248 coram
1633 2217 1700 2248 ΡΡ.
1717 2216 1998 2257 comparsturum,
2015 2216 2219 2256 Gregorium
2233 2215 2311 2247 abb.
2327 2224 2400 2248 mo·

796 2275 883 2303 nast.
900 2273 1106 2309 Yssiodorii,
1125 2273 1163 2304 Ο.
1183 2273 1216 2304 S.
1234 2273 1285 2307 Β.,
1301 2272 1553 2304 Claromonten.
1571 2271 1631 2306 di.‚
1643 2271 1715 2311 Jam
1733 2269 1901 2302 Clementi
1924 2270 1990 2301 ΡΡ.
2010 2278 2113 2309 super
2126 2269 2274 2301 diversis
2285 2269 2400 2302 erimi-

796 2325 897 2356 nibus
920 2326 1171 2362 denunciatum,
1193 2325 1538 2362 excommunicatum,
1556 2326 1589 2356 et
1614 2333 1721 2364 nuper
1736 2323 1977 2371 executoribus
2001 2323 2094 2355 Petri
2110 2323 2152 2355 de
2166 2323 2244 2361 Via,
2259 2323 2313 2355 cui
2328 2322 2398 2355 1²1³.
2435 2362 2438 2363 ⁷

795 2380 935 2419 priorat.
954 2379 1068 2410 saecul.
1083 2379 1163 2410 eccl.
1177 2379 1217 2410 de
1235 2379 1395 2417 Cadalon‚
1415 2379 1512 2410 dictae
1526 2378 1585 2416 di.‚
1603 2378 1756 2415 contulit,
1773 2386 1876 2409 manu
1891 2377 2021 2408 armata
2034 2376 2262 2408 resistentem.
2277 2375 2332 2417 (V.
2343 2377 2398 2416 69.

796 2442 848 2473 ep.
868 2432 952 2471 748.)
2388 2458 2391 2461 .

840 2483 951 2515 9594.
966 2504 1005 2508 —
1021 2486 1056 2516 S.
1074 2485 1219 2517 Germani
1227 2486 1324 2527 juxta
1341 2485 1491 2523 Par-isius,
1509 2490 1536 2516 et
1554 2495 1578 2516 s.
1596 2484 1750 2515 Pkaronis
1767 2483 1901 2515 Melden.
1918 2487 2050 2514 monast.
2064 2483 2132 2514 abb.
2153 2482 2268 2514 mand.
2284 2483 2333 2520 ut.
2349 2482 2400 2515 in·

796 2539 925 2580 quisita
941 2539 1096 2577 veritate,
1122 2540 1295 2579 portiones
1318 2539 1527 2570 monialibus
1550 2539 1697 2570 monast.
1715 2530 1917 2575 Jotren.‚'0.
1937 2538 1971 2570 S.
1991 2538 2043 2574 Β.,
2061 2536 2210 2568 Melden.
2226 2536 2287 2574 di.‚
2310 2536 2399 2568 assi-

795 2593 891 2633 gnari
907 2593 1027 2624 solitas
1041 2593 1083 2623 ad
1102 2594 1278 2633 antiquum
1293 2593 1402 2633 ejusd.
1422 2594 1567 2624 monast.
1584 2599 1714 2623 morem
1728 2591 1902 2628 reducant,
1919 2599 1986 2622 non
2002 2589 2090 2622 obst.
2118 2590 2209 2630 quod
2230 2589 2399 2622 moniales

795 2647 905 2687 ipsius
925 2648 1084 2684 monast„
1109 2655 1184 2677 cum
1206 2647 1319 2686 ipsum
1339 2647 1486 2681 vacaret,
1505 2646 1708 2677 statuissent
1725 2644 1816 2685 quod
1830 2644 1984 2684 ipsarum
1999 2643 2160 2684 quaelibet
2177 2643 2269 2675 ultra
2289 2642 2400 2676 dictu

795 2700 969 2741 portiones
984 2700 1070 2731 alias
1090 2700 1237 2740 majores
1260 2700 1299 2731 de
1324 2700 1424 2731 bonis
1442 2699 1523 2731 dicti
1551 2699 1698 2730 monast.
1715 2698 1853 2730 deberet
1870 2697 2034 2737 recipere,
2053 2697 2094 2728 de
2112 2696 2310 2737 hujusmodi
2325 2697 2396 2728 sta-

795 2755 867 2785 tuto
885 2753 1096 2785 observando
1116 2754 1310 2794 juramento
1327 2753 1479 2793 praestito
1487 2763 1496 2789 3
1516 2753 1664 2784 instante
1679 2751 1877 2784 Helissendi
1897 2750 2081 2782 abbatissa.
2099 2750 2153 2791 (V.
2171 2751 2222 2788 69,
2240 2758 2292 2789 ep.
2311 2750 2397 2790 943.)
2435 2755 2440 2760 ’

839 2804 949 2836 9595.
966 2824 1002 2829 -—
1017 2806 1138 2838 Collat.
1150 2815 1267 2837 ennon.
1283 2806 1346 2837 sub
1360 2815 1456 2846 exsp.
1472 2805 1576 2846 praeb.
1595 2806 1674 2837 eccl.
1687 2814 1716 2837 s.
1736 2805 1828 2836 Petri
1843 2804 1996 2836 virorum
2009 2803 2240 2840 Aurelianen.‚
2257 2802 2398 2835 obtentu

796 2870 828 2892 n.
848 2870 878 2890 v.
896 2861 1039 2892 Joannis
1055 2860 1096 2891 de
1118 2859 1254 2891 Rovilla
1278 2860 1363 2895 mih,
1387 2860 1502 2890 Joanm'
1519 2859 1556 2890 de
1578 2857 1781 2889 Provervilla.
1799 2875 1837 2881 —-
1854 2858 1880 2889 Ι.
1900 2866 1929 2889 e.
1949 2866 1995 2889 m.
2021 2857 2148 2889 decano
2164 2865 2194 2888 s.
2211 2856 2348 2894 Auiani,
2363 2856 2399 2888 et

795 2914 981 2945 Guillelmo
997 2914 1038 2945 de
1054 2913 1230 2951 Machello‚
1251 2913 1389 2952 maJ‘oris
1406 2913 1638 2949 Aurelianen.,
1652 2920 1690 2943 ao
1709 2912 1808 2943 Petro
1825 2912 1942 2948 Ferro,
1959 2909 2214 2942 Autisiodoren.
2229 2918 2301 2941 can.
2316 2908 2396 2941 ecel.

796 2967 848 3007 (A.
866 2969 914 3005 12,
932 2967 955 2998 f.
974 2968 1032 2999 128
1050 2967 1083 3004 ¹³3
1108 2966 1141 2998 V.
1158 2968 1209 3004 69,
1227 2975 1278 3006 ep.
1297 2967 1399 3005 1024.)
