<?xml version="1.0" encoding="UTF-8"?>
<!DOCTYPE html PUBLIC "-//W3C//DTD XHTML 1.0 Transitional//EN"
    "http://www.w3.org/TR/xhtml1/DTD/xhtml1-transitional.dtd">
<html xmlns="http://www.w3.org/1999/xhtml" xml:lang="en" lang="en">
 <head>
  <title>
</title>
<meta http-equiv="Content-Type" content="text/html;charset=utf-8" />
  <meta name='ocr-system' content='tesseract 3.04.00' />
  <meta name='ocr-capabilities' content='ocr_page ocr_carea ocr_par ocr_line ocrx_word'/>
</head>
<body>
  <div class='ocr_page' id='page_1' title='image "./lettrescommunes02romeuoft_0383.png"; bbox 0 0 2592 3562; ppageno 0'>
   <div class='ocr_carea' id='block_1_1' title="bbox 0 2523 92 3562">
    <p class='ocr_par' dir='ltr' id='par_1_1' title="bbox 0 2523 92 3562">
     <span class='ocr_line' id='line_1_1' title="bbox 0 2523 92 3562; baseline 0 0"><span class='ocrx_word' id='word_1_1' title='bbox 0 2523 92 3562; x_wconf 95' lang='lat' dir='ltr'> </span> 
     </span>
    </p>
   </div>
   <div class='ocr_carea' id='block_1_2' title="bbox 237 345 542 379">
    <p class='ocr_par' dir='ltr' id='par_1_2' title="bbox 237 345 542 379">
     <span class='ocr_line' id='line_1_2' title="bbox 237 345 542 379; baseline -0.003 -2"><span class='ocrx_word' id='word_1_2' title='bbox 237 351 342 378; x_wconf 81' lang='lat' dir='ltr'>Datum</span> <span class='ocrx_word' id='word_1_3' title='bbox 359 345 542 379; x_wconf 78' lang='lat' dir='ltr'>Avenione.</span> 
     </span>
    </p>
   </div>
   <div class='ocr_carea' id='block_1_3' title="bbox 275 554 505 671">
    <p class='ocr_par' dir='ltr' id='par_1_3' title="bbox 275 554 505 671">
     <span class='ocr_line' id='line_1_3' title="bbox 275 554 502 592; baseline -0.009 -8"><span class='ocrx_word' id='word_1_4' title='bbox 275 556 315 584; x_wconf 85' lang='lat'>30</span> <span class='ocrx_word' id='word_1_5' title='bbox 333 564 394 592; x_wconf 79' lang='lat' dir='ltr'>apr.</span> <span class='ocrx_word' id='word_1_6' title='bbox 415 554 502 582; x_wconf 70' lang='lat'>1319.</span> 
     </span>
     <span class='ocr_line' id='line_1_4' title="bbox 275 599 505 635; baseline -0.009 -7"><span class='ocrx_word' id='word_1_7' title='bbox 275 606 309 635; x_wconf 86' lang='lat'>(11</span> <span class='ocrx_word' id='word_1_8' title='bbox 329 600 388 628; x_wconf 82' lang='lat' dir='ltr'>kal.</span> <span class='ocrx_word' id='word_1_9' title='bbox 409 599 505 634; x_wconf 76' lang='lat' dir='ltr'>maii.)</span> 
     </span>
     <span class='ocr_line' id='line_1_5' title="bbox 350 643 428 671; baseline -0.013 0"><span class='ocrx_word' id='word_1_10' title='bbox 350 644 380 671; x_wconf 91' lang='lat' dir='ltr'>T.</span> <span class='ocrx_word' id='word_1_11' title='bbox 396 643 428 670; x_wconf 90' lang='lat' dir='ltr'>X.</span> 
     </span>
    </p>
   </div>
   <div class='ocr_carea' id='block_1_4' title="bbox 287 767 492 845">
    <p class='ocr_par' dir='ltr' id='par_1_4' title="bbox 287 767 492 845">
     <span class='ocr_line' id='line_1_6' title="bbox 349 767 429 796; baseline 0 -1"><span class='ocrx_word' id='word_1_12' title='bbox 349 767 386 796; x_wconf 88' lang='lat' dir='ltr'>Ut</span> <span class='ocrx_word' id='word_1_13' title='bbox 405 775 429 795; x_wconf 83' lang='lat' dir='ltr'>s.</span> 
     </span>
     <span class='ocr_line' id='line_1_7' title="bbox 287 811 492 845; baseline -0.015 -5"><span class='ocrx_word' id='word_1_14' title='bbox 287 813 318 840; x_wconf 89' lang='lat' dir='ltr'>T.</span> <span class='ocrx_word' id='word_1_15' title='bbox 336 812 407 845; x_wconf 77' lang='lat' dir='ltr'>xlv,</span> <span class='ocrx_word' id='word_1_16' title='bbox 422 811 492 838; x_wconf 84' lang='lat' dir='ltr'>XVI.</span> 
     </span>
    </p>
   </div>
   <div class='ocr_carea' id='block_1_5' title="bbox 301 1503 482 1536">
    <p class='ocr_par' dir='ltr' id='par_1_5' title="bbox 301 1503 482 1536">
     <span class='ocr_line' id='line_1_8' title="bbox 301 1503 482 1536; baseline -0.006 -5"><span class='ocrx_word' id='word_1_17' title='bbox 301 1505 332 1531; x_wconf 85' lang='lat' dir='ltr'>T.</span> <span class='ocrx_word' id='word_1_18' title='bbox 349 1504 395 1536; x_wconf 81' lang='lat' dir='ltr'>XI,</span> <span class='ocrx_word' id='word_1_19' title='bbox 410 1503 482 1531; x_wconf 92' lang='lat' dir='ltr'>XIII.</span> 
     </span>
    </p>
   </div>
   <div class='ocr_carea' id='block_1_6' title="bbox 238 1671 547 1752">
    <p class='ocr_par' dir='ltr' id='par_1_6' title="bbox 238 1671 547 1752">
     <span class='ocr_line' id='line_1_9' title="bbox 352 1671 432 1699; baseline -0.013 0"><span class='ocrx_word' id='word_1_20' title='bbox 352 1671 389 1699; x_wconf 92' lang='lat' dir='ltr'>Ut</span> <span class='ocrx_word' id='word_1_21' title='bbox 408 1679 432 1698; x_wconf 91' lang='lat' dir='ltr'>s.</span> 
     </span>
     <span class='ocr_line' id='line_1_10' title="bbox 238 1715 547 1752; baseline -0.01 -7"><span class='ocrx_word' id='word_1_22' title='bbox 238 1717 285 1745; x_wconf 85' lang='lat' dir='ltr'>Gr.</span> <span class='ocrx_word' id='word_1_23' title='bbox 305 1724 356 1752; x_wconf 89' lang='lat' dir='ltr'>pro</span> <span class='ocrx_word' id='word_1_24' title='bbox 374 1723 451 1751; x_wconf 82' lang='lat' dir='ltr'>pers.</span> <span class='ocrx_word' id='word_1_25' title='bbox 468 1715 547 1743; x_wconf 79' lang='lat' dir='ltr'>card.</span> 
     </span>
    </p>
   </div>
   <div class='ocr_carea' id='block_1_7' title="bbox 356 1831 431 1859">
    <p class='ocr_par' dir='ltr' id='par_1_7' title="bbox 356 1831 431 1859">
     <span class='ocr_line' id='line_1_11' title="bbox 356 1831 431 1859; baseline -0.027 0"><span class='ocrx_word' id='word_1_26' title='bbox 356 1831 393 1859; x_wconf 82' lang='lat' dir='ltr'>Ut</span> <span class='ocrx_word' id='word_1_27' title='bbox 407 1838 431 1857; x_wconf 86' lang='lat' dir='ltr'>s.</span> 
     </span>
    </p>
   </div>
   <div class='ocr_carea' id='block_1_8' title="bbox 317 2257 476 2333">
    <p class='ocr_par' dir='ltr' id='par_1_8' title="bbox 317 2257 476 2333">
     <span class='ocr_line' id='line_1_12' title="bbox 358 2257 435 2284; baseline -0.026 0"><span class='ocrx_word' id='word_1_28' title='bbox 358 2257 393 2284; x_wconf 86' lang='lat' dir='ltr'>Ut</span> <span class='ocrx_word' id='word_1_29' title='bbox 412 2265 435 2283; x_wconf 95' lang='lat' dir='ltr'>s.</span> 
     </span>
     <span class='ocr_line' id='line_1_13' title="bbox 317 2301 476 2333; baseline -0.006 -5"><span class='ocrx_word' id='word_1_30' title='bbox 317 2301 348 2328; x_wconf 88' lang='lat' dir='ltr'>T.</span> <span class='ocrx_word' id='word_1_31' title='bbox 369 2301 402 2333; x_wconf 85' lang='lat' dir='ltr'>X,</span> <span class='ocrx_word' id='word_1_32' title='bbox 416 2301 476 2327; x_wconf 85' lang='lat' dir='ltr'>XII.</span> 
     </span>
    </p>
   </div>
   <div class='ocr_carea' id='block_1_9' title="bbox 0 0 233 2523">
    <p class='ocr_par' dir='ltr' id='par_1_9' title="bbox 0 0 233 2523">
     <span class='ocr_line' id='line_1_14' title="bbox 0 0 233 2523; baseline 0 0"><span class='ocrx_word' id='word_1_33' title='bbox 0 0 233 2523; x_wconf 95' lang='lat' dir='ltr'> </span> 
     </span>
    </p>
   </div>
   <div class='ocr_carea' id='block_1_10' title="bbox 220 2468 574 2505">
    <p class='ocr_par' dir='ltr' id='par_1_10' title="bbox 220 2468 574 2505">
     <span class='ocr_line' id='line_1_15' title="bbox 220 2468 574 2505; baseline -0.003 -8"><span class='ocrx_word' id='word_1_34' title='bbox 220 2469 240 2497; x_wconf 79' lang='lat'><em>2</em></span> <span class='ocrx_word' id='word_1_35' title='bbox 253 2472 295 2505; x_wconf 83' lang='lat' dir='ltr'>(Vl</span> <span class='ocrx_word' id='word_1_36' title='bbox 310 2469 390 2501; x_wconf 89' lang='lat' dir='ltr'>non.)</span> <span class='ocrx_word' id='word_1_37' title='bbox 404 2470 473 2496; x_wconf 78' lang='lat' dir='ltr'>maii</span> <span class='ocrx_word' id='word_1_38' title='bbox 486 2468 574 2496; x_wconf 71' lang='lat'>1349.</span> 
     </span>
    </p>
   </div>
   <div class='ocr_carea' id='block_1_11' title="bbox 300 2514 494 2548">
    <p class='ocr_par' dir='ltr' id='par_1_11' title="bbox 300 2514 494 2548">
     <span class='ocr_line' id='line_1_16' title="bbox 300 2514 494 2548; baseline -0.01 -6"><span class='ocrx_word' id='word_1_39' title='bbox 300 2514 348 2542; x_wconf 89' lang='lat' dir='ltr'>Gr.</span> <span class='ocrx_word' id='word_1_40' title='bbox 366 2521 416 2548; x_wconf 87' lang='lat' dir='ltr'>pro</span> <span class='ocrx_word' id='word_1_41' title='bbox 433 2515 494 2541; x_wconf 90' lang='lat' dir='ltr'>not.</span> 
     </span>
    </p>
   </div>
   <div class='ocr_carea' id='block_1_12' title="bbox 339 2786 460 2858">
    <p class='ocr_par' dir='ltr' id='par_1_12' title="bbox 339 2786 460 2858">
     <span class='ocr_line' id='line_1_17' title="bbox 360 2786 440 2814; baseline -0.013 0"><span class='ocrx_word' id='word_1_42' title='bbox 360 2786 397 2814; x_wconf 89' lang='lat' dir='ltr'>Ut</span> <span class='ocrx_word' id='word_1_43' title='bbox 417 2794 440 2813; x_wconf 88' lang='lat' dir='ltr'>s.</span> 
     </span>
     <span class='ocr_line' id='line_1_18' title="bbox 339 2831 460 2858; baseline -0.008 0"><span class='ocrx_word' id='word_1_44' title='bbox 339 2831 370 2858; x_wconf 88' lang='grc' dir='ltr'>Τ.</span> <span class='ocrx_word' id='word_1_45' title='bbox 391 2831 460 2858; x_wconf 86' lang='lat' dir='ltr'>xvl.</span> 
     </span>
    </p>
   </div>
   <div class='ocr_carea' id='block_1_13' title="bbox 238 1458 550 1495">
    <p class='ocr_par' dir='ltr' id='par_1_13' title="bbox 238 1458 550 1495">
     <span class='ocr_line' id='line_1_19' title="bbox 238 1458 550 1495; baseline -0.01 -7"><span class='ocrx_word' id='word_1_46' title='bbox 238 1462 252 1488; x_wconf 71' lang='grc' dir='ltr'><em>ι</em></span> <span class='ocrx_word' id='word_1_47' title='bbox 272 1459 356 1495; x_wconf 73' lang='lat' dir='ltr'>(kal.)</span> <span class='ocrx_word' id='word_1_48' title='bbox 373 1460 441 1487; x_wconf 68' lang='lat' dir='ltr'>matt</span> <span class='ocrx_word' id='word_1_49' title='bbox 463 1458 550 1486; x_wconf 73' lang='lat'>4319.</span> 
     </span>
    </p>
   </div>
   <div class='ocr_carea' id='block_1_14' title="bbox 603 257 2230 300">
    <p class='ocr_par' dir='ltr' id='par_1_14' title="bbox 603 257 2230 300">
     <span class='ocr_line' id='line_1_20' title="bbox 603 257 2230 300; baseline 0.007 -11"><span class='ocrx_word' id='word_1_50' title='bbox 603 257 777 289; x_wconf 91' lang='lat' dir='ltr'>JOANNIS</span> <span class='ocrx_word' id='word_1_51' title='bbox 800 257 919 288; x_wconf 81' lang='lat' dir='ltr'>PAPAE</span> <span class='ocrx_word' id='word_1_52' title='bbox 940 257 1042 288; x_wconf 90' lang='lat' dir='ltr'>XXII.</span> <span class='ocrx_word' id='word_1_53' title='bbox 1069 259 1316 298; x_wconf 82' lang='lat'>(1316-1334).</span> <span class='ocrx_word' id='word_1_54' title='bbox 1339 277 1379 282; x_wconf 91' lang='lat'>—</span> <span class='ocrx_word' id='word_1_55' title='bbox 1400 260 1584 291; x_wconf 87' lang='lat' dir='ltr'><strong>LITTERAE</strong></span> <span class='ocrx_word' id='word_1_56' title='bbox 1607 262 1830 295; x_wconf 87' lang='lat' dir='ltr'>COMMUNES</span> <span class='ocrx_word' id='word_1_57' title='bbox 2171 269 2230 300; x_wconf 80' lang='lat'>373</span> 
     </span>
    </p>
   </div>
   <div class='ocr_carea' id='block_1_15' title="bbox 632 445 2243 2187">
    <p class='ocr_par' dir='ltr' id='par_1_15' title="bbox 633 445 2227 540">
     <span class='ocr_line' id='line_1_21' title="bbox 634 445 2227 489; baseline 0.005 -11"><span class='ocrx_word' id='word_1_58' title='bbox 634 455 710 486; x_wconf 89' lang='lat' dir='ltr'>ep.o</span> <span class='ocrx_word' id='word_1_59' title='bbox 723 446 883 482; x_wconf 84' lang='lat' dir='ltr'>Meldon.‚</span> <span class='ocrx_word' id='word_1_60' title='bbox 903 447 936 476; x_wconf 90' lang='lat' dir='ltr'>et</span> <span class='ocrx_word' id='word_1_61' title='bbox 953 445 1080 476; x_wconf 89' lang='lat' dir='ltr'>decano</span> <span class='ocrx_word' id='word_1_62' title='bbox 1102 445 1290 482; x_wconf 70' lang='lat' dir='ltr'>Pictaven„</span> <span class='ocrx_word' id='word_1_63' title='bbox 1308 454 1345 476; x_wconf 91' lang='lat' dir='ltr'>ac</span> <span class='ocrx_word' id='word_1_64' title='bbox 1365 445 1491 476; x_wconf 87' lang='lat' dir='ltr'>archid.</span> <span class='ocrx_word' id='word_1_65' title='bbox 1514 447 1680 478; x_wconf 84' lang='lat' dir='ltr'>Parisien.</span> <span class='ocrx_word' id='word_1_66' title='bbox 1707 449 1787 479; x_wconf 89' lang='lat' dir='ltr'>eccl.</span> <span class='ocrx_word' id='word_1_67' title='bbox 1805 449 1856 487; x_wconf 86' lang='lat' dir='ltr'>(A.</span> <span class='ocrx_word' id='word_1_68' title='bbox 1879 452 1928 487; x_wconf 89' lang='grc'>11,</span> <span class='ocrx_word' id='word_1_69' title='bbox 1953 450 1976 481; x_wconf 83' lang='lat' dir='ltr'>f.</span> <span class='ocrx_word' id='word_1_70' title='bbox 1993 452 2054 483; x_wconf 70' lang='lat'>449</span> <span class='ocrx_word' id='word_1_71' title='bbox 2071 452 2102 489; x_wconf 80' lang='lat' dir='ltr'>b;</span> <span class='ocrx_word' id='word_1_72' title='bbox 2126 453 2159 484; x_wconf 89' lang='lat' dir='ltr'>V.</span> <span class='ocrx_word' id='word_1_73' title='bbox 2177 455 2227 488; x_wconf 87' lang='lat'>69,</span> 
     </span>
     <span class='ocr_line' id='line_1_22' title="bbox 633 500 792 540; baseline -0.013 -9"><span class='ocrx_word' id='word_1_74' title='bbox 633 508 686 540; x_wconf 89' lang='lat' dir='ltr'>ep.</span> <span class='ocrx_word' id='word_1_75' title='bbox 705 500 792 539; x_wconf 84' lang='grc'><strong>528.)</strong></span> 
     </span>
    </p>

    <p class='ocr_par' dir='ltr' id='par_1_16' title="bbox 633 550 2231 699">
     <span class='ocr_line' id='line_1_23' title="bbox 678 550 2231 592; baseline 0.005 -10"><span class='ocrx_word' id='word_1_76' title='bbox 678 550 790 582; x_wconf 73' lang='grc'><strong>9359.</strong></span> <span class='ocrx_word' id='word_1_77' title='bbox 810 570 846 575; x_wconf 91' lang='grc'>-</span> <span class='ocrx_word' id='word_1_78' title='bbox 863 552 1007 583; x_wconf 86' lang='lat' dir='ltr'>Indictio</span> <span class='ocrx_word' id='word_1_79' title='bbox 1023 554 1221 591; x_wconf 85' lang='lat' dir='ltr'>treugarum</span> <span class='ocrx_word' id='word_1_80' title='bbox 1237 551 1326 582; x_wconf 83' lang='lat' dir='ltr'>inter</span> <span class='ocrx_word' id='word_1_81' title='bbox 1349 551 1544 582; x_wconf 80' lang='lat' dir='ltr'>Guillelmum</span> <span class='ocrx_word' id='word_1_82' title='bbox 1562 562 1663 592; x_wconf 82' lang='lat' dir='ltr'>ep.um</span> <span class='ocrx_word' id='word_1_83' title='bbox 1688 553 1842 584; x_wconf 77' lang='lat' dir='ltr'>Valentin.</span> <span class='ocrx_word' id='word_1_84' title='bbox 1860 560 1887 584; x_wconf 81' lang='grc' dir='ltr'>ει</span> <span class='ocrx_word' id='word_1_85' title='bbox 1902 555 1992 585; x_wconf 83' lang='lat' dir='ltr'>Dien.</span> <span class='ocrx_word' id='word_1_86' title='bbox 2006 566 2041 586; x_wconf 86' lang='lat' dir='ltr'>ac</span> <span class='ocrx_word' id='word_1_87' title='bbox 2054 567 2084 587; x_wconf 81' lang='grc' dir='ltr'>π.</span> <span class='ocrx_word' id='word_1_88' title='bbox 2102 567 2130 588; x_wconf 83' lang='grc' dir='ltr'>υ.</span> <span class='ocrx_word' id='word_1_89' title='bbox 2149 558 2231 590; x_wconf 75' lang='lat' dir='ltr'>Ade-</span> 
     </span>
     <span class='ocr_line' id='line_1_24' title="bbox 633 603 2231 651; baseline 0.004 -15"><span class='ocrx_word' id='word_1_90' title='bbox 633 616 754 636; x_wconf 82' lang='lat' dir='ltr'>marum</span> <span class='ocrx_word' id='word_1_91' title='bbox 778 605 815 636; x_wconf 86' lang='lat' dir='ltr'>de</span> <span class='ocrx_word' id='word_1_92' title='bbox 840 605 976 636; x_wconf 61' lang='lat' dir='ltr'>Pie-lavis</span> <span class='ocrx_word' id='word_1_93' title='bbox 1003 604 1140 635; x_wconf 82' lang='lat' dir='ltr'>comitem</span> <span class='ocrx_word' id='word_1_94' title='bbox 1164 603 1314 636; x_wconf 79' lang='lat' dir='ltr'>valentin.</span> <span class='ocrx_word' id='word_1_95' title='bbox 1339 609 1367 634; x_wconf 86' lang='lat' dir='ltr'>et</span> <span class='ocrx_word' id='word_1_96' title='bbox 1389 614 1493 634; x_wconf 77' lang='lat' dir='ltr'>eorum</span> <span class='ocrx_word' id='word_1_97' title='bbox 1521 615 1672 646; x_wconf 79' lang='lat' dir='ltr'><strong><em>sequaces,</em></strong></span> <span class='ocrx_word' id='word_1_98' title='bbox 1698 606 1761 637; x_wconf 87' lang='lat' dir='ltr'>sub</span> <span class='ocrx_word' id='word_1_99' title='bbox 1783 615 1912 639; x_wconf 82' lang='lat' dir='ltr'>excom.</span> <span class='ocrx_word' id='word_1_100' title='bbox 1936 610 2103 641; x_wconf 84' lang='lat' dir='ltr'>sententia</span> <span class='ocrx_word' id='word_1_101' title='bbox 2124 619 2231 651; x_wconf 87' lang='lat' dir='ltr'>usque</span> 
     </span>
     <span class='ocr_line' id='line_1_25' title="bbox 634 657 2230 699; baseline 0.003 -9"><span class='ocrx_word' id='word_1_102' title='bbox 634 659 676 691; x_wconf 84' lang='lat' dir='ltr'>ad</span> <span class='ocrx_word' id='word_1_103' title='bbox 693 659 818 690; x_wconf 88' lang='lat' dir='ltr'>festum</span> <span class='ocrx_word' id='word_1_104' title='bbox 834 658 1034 691; x_wconf 87' lang='lat' dir='ltr'>Nativitatis</span> <span class='ocrx_word' id='word_1_105' title='bbox 1049 658 1130 689; x_wconf 89' lang='lat' dir='ltr'>D.ni</span> <span class='ocrx_word' id='word_1_106' title='bbox 1144 666 1241 698; x_wconf 88' lang='lat' dir='ltr'>prox.</span> <span class='ocrx_word' id='word_1_107' title='bbox 1269 657 1423 688; x_wconf 86' lang='lat' dir='ltr'>futurum</span> <span class='ocrx_word' id='word_1_108' title='bbox 1447 657 1746 690; x_wconf 77' lang='lat' dir='ltr'>observandarum.</span> <span class='ocrx_word' id='word_1_109' title='bbox 1766 660 1819 698; x_wconf 92' lang='lat' dir='ltr'>(A.</span> <span class='ocrx_word' id='word_1_110' title='bbox 1839 661 1887 696; x_wconf 88' lang='grc'>11,</span> <span class='ocrx_word' id='word_1_111' title='bbox 1907 660 1930 691; x_wconf 84' lang='lat' dir='ltr'>f.</span> <span class='ocrx_word' id='word_1_112' title='bbox 1955 662 2014 692; x_wconf 74' lang='grc'>416</span> <span class='ocrx_word' id='word_1_113' title='bbox 2037 661 2051 682; x_wconf 76' lang='lat' dir='ltr'><strong>b</strong></span> <span class='ocrx_word' id='word_1_114' title='bbox 2074 664 2106 693; x_wconf 87' lang='lat' dir='ltr'>et</span> <span class='ocrx_word' id='word_1_115' title='bbox 2122 665 2180 694; x_wconf 82' lang='lat'>417</span> <span class='ocrx_word' id='word_1_116' title='bbox 2198 664 2230 699; x_wconf 79' lang='lat' dir='ltr'>b;</span> 
     </span>
    </p>

    <p class='ocr_par' dir='ltr' id='par_1_17' title="bbox 657 711 1116 752">
     <span class='ocr_line' id='line_1_26' title="bbox 657 711 1116 752; baseline -0.002 -10"><span class='ocrx_word' id='word_1_117' title='bbox 657 711 690 743; x_wconf 89' lang='lat' dir='ltr'>V.</span> <span class='ocrx_word' id='word_1_118' title='bbox 706 714 758 749; x_wconf 86' lang='lat'>69,</span> <span class='ocrx_word' id='word_1_119' title='bbox 778 721 831 752; x_wconf 88' lang='lat' dir='ltr'>ep.</span> <span class='ocrx_word' id='word_1_120' title='bbox 849 713 909 744; x_wconf 84' lang='lat'>599</span> <span class='ocrx_word' id='word_1_121' title='bbox 924 712 967 749; x_wconf 89' lang='lat' dir='ltr'>A,</span> <span class='ocrx_word' id='word_1_122' title='bbox 983 713 1016 743; x_wconf 87' lang='lat' dir='ltr'>et</span> <span class='ocrx_word' id='word_1_123' title='bbox 1031 712 1116 749; x_wconf 86' lang='grc'><strong>609.)</strong></span> 
     </span>
    </p>

    <p class='ocr_par' dir='ltr' id='par_1_18' title="bbox 632 762 2236 1444">
     <span class='ocr_line' id='line_1_27' title="bbox 678 762 2231 805; baseline 0.004 -12"><span class='ocrx_word' id='word_1_124' title='bbox 678 762 791 794; x_wconf 86' lang='grc'><strong>9360.</strong></span> <span class='ocrx_word' id='word_1_125' title='bbox 812 783 851 787; x_wconf 94' lang='grc'><strong>-</strong></span> <span class='ocrx_word' id='word_1_126' title='bbox 867 765 953 803; x_wconf 68' lang='lat' dir='ltr'>May.</span> <span class='ocrx_word' id='word_1_127' title='bbox 972 763 1095 796; x_wconf 83' lang='lat' dir='ltr'>Galtero</span> <span class='ocrx_word' id='word_1_128' title='bbox 1111 763 1149 794; x_wconf 85' lang='lat' dir='ltr'>de</span> <span class='ocrx_word' id='word_1_129' title='bbox 1163 763 1323 799; x_wconf 65' lang='lat' dir='ltr'>Amineo,</span> <span class='ocrx_word' id='word_1_130' title='bbox 1341 774 1410 794; x_wconf 86' lang='lat' dir='ltr'>can.</span> <span class='ocrx_word' id='word_1_131' title='bbox 1427 764 1620 801; x_wconf 84' lang='lat' dir='ltr'>Noviomen.,</span> <span class='ocrx_word' id='word_1_132' title='bbox 1638 764 1727 796; x_wconf 74' lang='lat' dir='ltr'>theol.</span> <span class='ocrx_word' id='word_1_133' title='bbox 1742 765 1923 805; x_wconf 78' lang='lat' dir='ltr'><em>professori,</em></span> <span class='ocrx_word' id='word_1_134' title='bbox 1943 767 2092 805; x_wconf 86' lang='lat' dir='ltr'>providit</span> <span class='ocrx_word' id='word_1_135' title='bbox 2106 768 2172 799; x_wconf 90' lang='grc' dir='ltr'>ΡΡ.</span> <span class='ocrx_word' id='word_1_136' title='bbox 2191 770 2231 799; x_wconf 90' lang='lat' dir='ltr'>de</span> 
     </span>
     <span class='ocr_line' id='line_1_28' title="bbox 634 817 2233 859; baseline 0.002 -10"><span class='ocrx_word' id='word_1_137' title='bbox 634 819 741 859; x_wconf 63' lang='lat' dir='ltr'>dign„</span> <span class='ocrx_word' id='word_1_138' title='bbox 761 818 814 849; x_wconf 89' lang='lat' dir='ltr'>vel</span> <span class='ocrx_word' id='word_1_139' title='bbox 833 819 1018 858; x_wconf 81' lang='lat' dir='ltr'>personatu</span> <span class='ocrx_word' id='word_1_140' title='bbox 1037 826 1099 849; x_wconf 87' lang='lat' dir='ltr'>seu</span> <span class='ocrx_word' id='word_1_141' title='bbox 1123 817 1177 848; x_wconf 86' lang='lat' dir='ltr'>off.</span> <span class='ocrx_word' id='word_1_142' title='bbox 1202 817 1237 848; x_wconf 93' lang='lat' dir='ltr'>in</span> <span class='ocrx_word' id='word_1_143' title='bbox 1259 817 1339 848; x_wconf 88' lang='lat' dir='ltr'>eccl.</span> <span class='ocrx_word' id='word_1_144' title='bbox 1363 817 1579 855; x_wconf 87' lang='lat' dir='ltr'>Noviomen.‚</span> <span class='ocrx_word' id='word_1_145' title='bbox 1597 818 1694 857; x_wconf 91' lang='lat' dir='ltr'>cujus</span> <span class='ocrx_word' id='word_1_146' title='bbox 1718 819 1790 849; x_wconf 88' lang='lat' dir='ltr'>erat</span> <span class='ocrx_word' id='word_1_147' title='bbox 1814 827 1886 849; x_wconf 86' lang='lat' dir='ltr'>can.</span> <span class='ocrx_word' id='word_1_148' title='bbox 1907 819 2066 858; x_wconf 76' lang='lat' dir='ltr'>praeben„</span> <span class='ocrx_word' id='word_1_149' title='bbox 2087 829 2157 851; x_wconf 87' lang='lat' dir='ltr'>vac.</span> <span class='ocrx_word' id='word_1_150' title='bbox 2176 823 2233 852; x_wconf 90' lang='lat' dir='ltr'>aut</span> 
     </span>
     <span class='ocr_line' id='line_1_29' title="bbox 634 870 2235 913; baseline 0.001 -10"><span class='ocrx_word' id='word_1_151' title='bbox 634 874 742 903; x_wconf 86' lang='lat' dir='ltr'>vacat.</span> <span class='ocrx_word' id='word_1_152' title='bbox 756 880 765 909; x_wconf 91' lang='lat'>;</span> <span class='ocrx_word' id='word_1_153' title='bbox 782 871 878 911; x_wconf 78' lang='lat' dir='ltr'>quus</span> <span class='ocrx_word' id='word_1_154' title='bbox 891 871 1009 911; x_wconf 80' lang='lat' dir='ltr'>gratiae</span> <span class='ocrx_word' id='word_1_155' title='bbox 1024 870 1140 910; x_wconf 81' lang='lat' dir='ltr'>vigore</span> <span class='ocrx_word' id='word_1_156' title='bbox 1156 870 1357 907; x_wconf 78' lang='lat' dir='ltr'>cantoriam,</span> <span class='ocrx_word' id='word_1_157' title='bbox 1373 879 1447 910; x_wconf 82' lang='lat' dir='ltr'>quae</span> <span class='ocrx_word' id='word_1_158' title='bbox 1464 871 1680 910; x_wconf 89' lang='lat' dir='ltr'>postmodum</span> <span class='ocrx_word' id='word_1_159' title='bbox 1698 871 1841 909; x_wconf 85' lang='lat' dir='ltr'>vacavit,</span> <span class='ocrx_word' id='word_1_160' title='bbox 1857 873 2042 912; x_wconf 83' lang='lat' dir='ltr'>acceptavit</span> <span class='ocrx_word' id='word_1_161' title='bbox 2057 874 2090 904; x_wconf 91' lang='lat' dir='ltr'>et</span> <span class='ocrx_word' id='word_1_162' title='bbox 2104 873 2144 905; x_wconf 88' lang='lat' dir='ltr'>de</span> <span class='ocrx_word' id='word_1_163' title='bbox 2161 873 2235 913; x_wconf 89' lang='lat' dir='ltr'>ipsa</span> 
     </span>
     <span class='ocr_line' id='line_1_30' title="bbox 635 923 2234 965; baseline 0.002 -10"><span class='ocrx_word' id='word_1_164' title='bbox 635 924 704 955; x_wconf 87' lang='lat' dir='ltr'>sibi</span> <span class='ocrx_word' id='word_1_165' title='bbox 720 924 892 964; x_wconf 86' lang='lat' dir='ltr'>provideri</span> <span class='ocrx_word' id='word_1_166' title='bbox 907 923 986 955; x_wconf 82' lang='lat' dir='ltr'>fecit</span> <span class='ocrx_word' id='word_1_167' title='bbox 1002 932 1062 963; x_wconf 90' lang='lat' dir='ltr'>per</span> <span class='ocrx_word' id='word_1_168' title='bbox 1079 924 1277 954; x_wconf 78' lang='lat' dir='ltr'>executores</span> <span class='ocrx_word' id='word_1_169' title='bbox 1296 923 1354 963; x_wconf 91' lang='lat' dir='ltr'>qui</span> <span class='ocrx_word' id='word_1_170' title='bbox 1369 923 1404 953; x_wconf 90' lang='lat' dir='ltr'>in</span> <span class='ocrx_word' id='word_1_171' title='bbox 1421 924 1521 962; x_wconf 87' lang='lat' dir='ltr'>capit.</span> <span class='ocrx_word' id='word_1_172' title='bbox 1539 925 1572 954; x_wconf 87' lang='lat' dir='ltr'>et</span> <span class='ocrx_word' id='word_1_173' title='bbox 1594 924 1675 954; x_wconf 89' lang='lat' dir='ltr'>eccl.</span> <span class='ocrx_word' id='word_1_174' title='bbox 1692 923 1907 962; x_wconf 86' lang='lat' dir='ltr'>Noviomen.,</span> <span class='ocrx_word' id='word_1_175' title='bbox 1926 925 1956 956; x_wconf 91' lang='lat' dir='ltr'>si</span> <span class='ocrx_word' id='word_1_176' title='bbox 1970 926 2160 965; x_wconf 85' lang='lat' dir='ltr'>provisioni</span> <span class='ocrx_word' id='word_1_177' title='bbox 2174 926 2234 958; x_wconf 88' lang='lat' dir='ltr'>hu-</span> 
     </span>
     <span class='ocr_line' id='line_1_31' title="bbox 632 975 2235 1019; baseline 0.001 -11"><span class='ocrx_word' id='word_1_178' title='bbox 632 977 784 1017; x_wconf 88' lang='lat' dir='ltr'>jusmodi</span> <span class='ocrx_word' id='word_1_179' title='bbox 799 986 836 1008; x_wconf 89' lang='lat' dir='ltr'>se</span> <span class='ocrx_word' id='word_1_180' title='bbox 857 978 1077 1017; x_wconf 89' lang='lat' dir='ltr'>opponerent,</span> <span class='ocrx_word' id='word_1_181' title='bbox 1098 975 1268 1007; x_wconf 85' lang='lat' dir='ltr'>interdicti</span> <span class='ocrx_word' id='word_1_182' title='bbox 1286 978 1317 1008; x_wconf 89' lang='lat' dir='ltr'>et</span> <span class='ocrx_word' id='word_1_183' title='bbox 1334 984 1464 1007; x_wconf 83' lang='lat' dir='ltr'>excom.</span> <span class='ocrx_word' id='word_1_184' title='bbox 1483 977 1669 1007; x_wconf 85' lang='lat' dir='ltr'>sententias</span> <span class='ocrx_word' id='word_1_185' title='bbox 1687 977 1958 1018; x_wconf 83' lang='lat' dir='ltr'>promulgarent;</span> <span class='ocrx_word' id='word_1_186' title='bbox 1976 979 2036 1010; x_wconf 87' lang='lat' dir='ltr'>sed</span> <span class='ocrx_word' id='word_1_187' title='bbox 2056 987 2075 1010; x_wconf 89' lang='lat' dir='ltr'>a</span> <span class='ocrx_word' id='word_1_188' title='bbox 2091 988 2235 1019; x_wconf 88' lang='lat' dir='ltr'>quorum</span> 
     </span>
     <span class='ocr_line' id='line_1_32' title="bbox 635 1029 2235 1071; baseline 0.001 -9"><span class='ocrx_word' id='word_1_189' title='bbox 635 1030 831 1071; x_wconf 82' lang='lat' dir='ltr'>provisione</span> <span class='ocrx_word' id='word_1_190' title='bbox 847 1031 879 1062; x_wconf 90' lang='lat' dir='ltr'>et</span> <span class='ocrx_word' id='word_1_191' title='bbox 892 1029 1110 1070; x_wconf 84' lang='lat' dir='ltr'>processibus</span> <span class='ocrx_word' id='word_1_192' title='bbox 1127 1029 1275 1060; x_wconf 87' lang='lat' dir='ltr'>decanus</span> <span class='ocrx_word' id='word_1_193' title='bbox 1298 1030 1330 1060; x_wconf 89' lang='lat' dir='ltr'>et</span> <span class='ocrx_word' id='word_1_194' title='bbox 1343 1029 1444 1068; x_wconf 86' lang='lat' dir='ltr'>capit.</span> <span class='ocrx_word' id='word_1_195' title='bbox 1464 1029 1506 1060; x_wconf 89' lang='lat' dir='ltr'>ad</span> <span class='ocrx_word' id='word_1_196' title='bbox 1521 1030 1554 1061; x_wconf 90' lang='lat' dir='ltr'>S.</span> <span class='ocrx_word' id='word_1_197' title='bbox 1570 1031 1612 1060; x_wconf 91' lang='lat' dir='ltr'>A.</span> <span class='ocrx_word' id='word_1_198' title='bbox 1630 1030 1857 1069; x_wconf 85' lang='lat' dir='ltr'>appellarunt.</span> <span class='ocrx_word' id='word_1_199' title='bbox 1876 1031 1961 1062; x_wconf 89' lang='lat' dir='ltr'>Cum</span> <span class='ocrx_word' id='word_1_200' title='bbox 1976 1033 2089 1063; x_wconf 84' lang='lat' dir='ltr'>autem</span> <span class='ocrx_word' id='word_1_201' title='bbox 2105 1032 2235 1063; x_wconf 89' lang='lat' dir='ltr'>fructus</span> 
     </span>
     <span class='ocr_line' id='line_1_33' title="bbox 636 1082 2235 1122; baseline 0.001 -7"><span class='ocrx_word' id='word_1_202' title='bbox 636 1084 734 1115; x_wconf 85' lang='lat' dir='ltr'>dictae</span> <span class='ocrx_word' id='word_1_203' title='bbox 746 1084 905 1115; x_wconf 80' lang='lat' dir='ltr'>cantoriae</span> <span class='ocrx_word' id='word_1_204' title='bbox 920 1085 958 1115; x_wconf 86' lang='lat'>15</span> <span class='ocrx_word' id='word_1_205' title='bbox 971 1082 1030 1114; x_wconf 89' lang='lat' dir='ltr'>lib.</span> <span class='ocrx_word' id='word_1_206' title='bbox 1049 1082 1212 1122; x_wconf 86' lang='lat' dir='ltr'>parisien.</span> <span class='ocrx_word' id='word_1_207' title='bbox 1234 1091 1300 1113; x_wconf 92' lang='lat' dir='ltr'>non</span> <span class='ocrx_word' id='word_1_208' title='bbox 1319 1082 1542 1121; x_wconf 70' lang='lat' dir='ltr'>excedant‚;et</span> <span class='ocrx_word' id='word_1_209' title='bbox 1560 1083 1669 1113; x_wconf 90' lang='lat' dir='ltr'>dictus</span> <span class='ocrx_word' id='word_1_210' title='bbox 1686 1083 1845 1114; x_wconf 88' lang='lat' dir='ltr'>Galterus</span> <span class='ocrx_word' id='word_1_211' title='bbox 1862 1083 2022 1116; x_wconf 87' lang='lat' dir='ltr'>maluerit</span> <span class='ocrx_word' id='word_1_212' title='bbox 2036 1085 2235 1117; x_wconf 86' lang='lat' dir='ltr'>renunciare</span> 
     </span>
     <span class='ocr_line' id='line_1_34' title="bbox 632 1135 2230 1177; baseline 0.001 -9"><span class='ocrx_word' id='word_1_213' title='bbox 632 1137 703 1177; x_wconf 87' lang='lat' dir='ltr'>juri</span> <span class='ocrx_word' id='word_1_214' title='bbox 718 1137 747 1168; x_wconf 90' lang='lat' dir='ltr'>si</span> <span class='ocrx_word' id='word_1_215' title='bbox 766 1137 857 1177; x_wconf 91' lang='lat' dir='ltr'>quod</span> <span class='ocrx_word' id='word_1_216' title='bbox 871 1137 907 1168; x_wconf 90' lang='lat' dir='ltr'>in</span> <span class='ocrx_word' id='word_1_217' title='bbox 922 1136 996 1168; x_wconf 87' lang='lat' dir='ltr'>ead.</span> <span class='ocrx_word' id='word_1_218' title='bbox 1012 1136 1163 1167; x_wconf 88' lang='lat' dir='ltr'>cantoria</span> <span class='ocrx_word' id='word_1_219' title='bbox 1184 1135 1252 1175; x_wconf 86' lang='lat' dir='ltr'>ipsi</span> <span class='ocrx_word' id='word_1_220' title='bbox 1274 1135 1498 1175; x_wconf 82' lang='lat' dir='ltr'>competebat,</span> <span class='ocrx_word' id='word_1_221' title='bbox 1514 1144 1616 1175; x_wconf 86' lang='lat' dir='ltr'>quam</span> <span class='ocrx_word' id='word_1_222' title='bbox 1633 1136 1784 1176; x_wconf 88' lang='lat' dir='ltr'>seipsum</span> <span class='ocrx_word' id='word_1_223' title='bbox 1802 1136 1918 1168; x_wconf 86' lang='lat' dir='ltr'>litibus</span> <span class='ocrx_word' id='word_1_224' title='bbox 1932 1137 2118 1177; x_wconf 88' lang='lat' dir='ltr'>implicare,</span> <span class='ocrx_word' id='word_1_225' title='bbox 2144 1138 2230 1170; x_wconf 84' lang='lat' dir='ltr'>conf.</span> 
     </span>
     <span class='ocr_line' id='line_1_35' title="bbox 637 1188 2234 1230; baseline 0 -8"><span class='ocrx_word' id='word_1_226' title='bbox 637 1191 668 1222; x_wconf 87' lang='lat' dir='ltr'>ei</span> <span class='ocrx_word' id='word_1_227' title='bbox 686 1190 797 1230; x_wconf 88' lang='lat' dir='ltr'>gratia</span> <span class='ocrx_word' id='word_1_228' title='bbox 821 1198 917 1229; x_wconf 86' lang='lat' dir='ltr'>exsp.</span> <span class='ocrx_word' id='word_1_229' title='bbox 937 1190 1042 1230; x_wconf 64' lang='lat' dir='ltr'>dign„</span> <span class='ocrx_word' id='word_1_230' title='bbox 1064 1190 1267 1229; x_wconf 88' lang='lat' dir='ltr'>personatus</span> <span class='ocrx_word' id='word_1_231' title='bbox 1286 1197 1347 1220; x_wconf 88' lang='lat' dir='ltr'>seu</span> <span class='ocrx_word' id='word_1_232' title='bbox 1362 1188 1418 1219; x_wconf 89' lang='lat' dir='ltr'>off.</span> <span class='ocrx_word' id='word_1_233' title='bbox 1437 1197 1465 1220; x_wconf 93' lang='lat' dir='ltr'>c.</span> <span class='ocrx_word' id='word_1_234' title='bbox 1484 1197 1512 1219; x_wconf 92' lang='grc'>0.</span> <span class='ocrx_word' id='word_1_235' title='bbox 1529 1189 1584 1219; x_wconf 87' lang='lat' dir='ltr'>vel</span> <span class='ocrx_word' id='word_1_236' title='bbox 1603 1197 1630 1219; x_wconf 91' lang='lat' dir='ltr'>s.</span> <span class='ocrx_word' id='word_1_237' title='bbox 1651 1198 1679 1220; x_wconf 90' lang='lat' dir='ltr'>c.</span> <span class='ocrx_word' id='word_1_238' title='bbox 1696 1189 1730 1220; x_wconf 93' lang='lat' dir='ltr'>in</span> <span class='ocrx_word' id='word_1_239' title='bbox 1750 1190 1904 1229; x_wconf 75' lang='lat' dir='ltr'>praedicta</span> <span class='ocrx_word' id='word_1_240' title='bbox 1926 1191 2006 1222; x_wconf 88' lang='lat' dir='ltr'>eccl.</span> <span class='ocrx_word' id='word_1_241' title='bbox 2016 1201 2027 1228; x_wconf 77' lang='lat'><em>3</em></span> <span class='ocrx_word' id='word_1_242' title='bbox 2046 1191 2106 1222; x_wconf 89' lang='lat' dir='ltr'>sed</span> <span class='ocrx_word' id='word_1_243' title='bbox 2121 1191 2234 1230; x_wconf 85' lang='lat' dir='ltr'>priore</span> 
     </span>
     <span class='ocr_line' id='line_1_36' title="bbox 636 1241 2236 1284; baseline 0 -9"><span class='ocrx_word' id='word_1_244' title='bbox 636 1253 746 1284; x_wconf 74' lang='lat' dir='ltr'>prov..</span> <span class='ocrx_word' id='word_1_245' title='bbox 775 1242 994 1283; x_wconf 85' lang='lat' dir='ltr'>processibus</span> <span class='ocrx_word' id='word_1_246' title='bbox 1009 1242 1120 1282; x_wconf 88' lang='lat' dir='ltr'>ipsius</span> <span class='ocrx_word' id='word_1_247' title='bbox 1137 1242 1263 1273; x_wconf 89' lang='lat' dir='ltr'>virtute</span> <span class='ocrx_word' id='word_1_248' title='bbox 1286 1241 1414 1273; x_wconf 83' lang='lat' dir='ltr'>habitis</span> <span class='ocrx_word' id='word_1_249' title='bbox 1430 1243 1462 1273; x_wconf 92' lang='lat' dir='ltr'>et</span> <span class='ocrx_word' id='word_1_250' title='bbox 1482 1241 1569 1281; x_wconf 88' lang='lat' dir='ltr'>jure,</span> <span class='ocrx_word' id='word_1_251' title='bbox 1589 1242 1618 1272; x_wconf 91' lang='lat' dir='ltr'>si</span> <span class='ocrx_word' id='word_1_252' title='bbox 1643 1243 1732 1282; x_wconf 89' lang='lat' dir='ltr'>quod</span> <span class='ocrx_word' id='word_1_253' title='bbox 1749 1243 1815 1282; x_wconf 91' lang='lat' dir='ltr'>ipsi</span> <span class='ocrx_word' id='word_1_254' title='bbox 1837 1245 2004 1282; x_wconf 86' lang='lat' dir='ltr'>competat</span> <span class='ocrx_word' id='word_1_255' title='bbox 2025 1244 2060 1275; x_wconf 89' lang='lat' dir='ltr'>in</span> <span class='ocrx_word' id='word_1_256' title='bbox 2075 1244 2236 1284; x_wconf 83' lang='lat' dir='ltr'>praedicta</span> 
     </span>
     <span class='ocr_line' id='line_1_37' title="bbox 637 1295 2234 1336; baseline 0 -8"><span class='ocrx_word' id='word_1_257' title='bbox 637 1297 800 1332; x_wconf 87' lang='lat' dir='ltr'>cantoria,</span> <span class='ocrx_word' id='word_1_258' title='bbox 818 1296 1143 1336; x_wconf 85' lang='lat' dir='ltr'>remaneatpenitus</span> <span class='ocrx_word' id='word_1_259' title='bbox 1158 1295 1354 1327; x_wconf 87' lang='lat' dir='ltr'>destitutus.</span> <span class='ocrx_word' id='word_1_260' title='bbox 1375 1312 1414 1317; x_wconf 91' lang='lat'><strong>—</strong></span> <span class='ocrx_word' id='word_1_261' title='bbox 1437 1295 1464 1326; x_wconf 95' lang='lat' dir='ltr'>I.</span> <span class='ocrx_word' id='word_1_262' title='bbox 1481 1303 1510 1325; x_wconf 91' lang='grc'>0.</span> <span class='ocrx_word' id='word_1_263' title='bbox 1527 1303 1572 1325; x_wconf 91' lang='lat' dir='ltr'>m.</span> <span class='ocrx_word' id='word_1_264' title='bbox 1591 1295 1716 1326; x_wconf 85' lang='lat' dir='ltr'>decano</span> <span class='ocrx_word' id='word_1_265' title='bbox 1735 1304 1762 1326; x_wconf 87' lang='lat' dir='ltr'>s.</span> <span class='ocrx_word' id='word_1_266' title='bbox 1778 1296 1933 1332; x_wconf 89' lang='lat' dir='ltr'>Quintini</span> <span class='ocrx_word' id='word_1_267' title='bbox 1950 1296 1985 1327; x_wconf 91' lang='lat' dir='ltr'>in</span> <span class='ocrx_word' id='word_1_268' title='bbox 2000 1297 2234 1333; x_wconf 87' lang='lat' dir='ltr'>Viromandia‚</span> 
     </span>
     <span class='ocr_line' id='line_1_38' title="bbox 636 1348 2232 1387; baseline 0 -5"><span class='ocrx_word' id='word_1_269' title='bbox 636 1351 841 1383; x_wconf 86' lang='lat' dir='ltr'>Noviomen.</span> <span class='ocrx_word' id='word_1_270' title='bbox 859 1350 918 1387; x_wconf 91' lang='lat' dir='ltr'>di.,</span> <span class='ocrx_word' id='word_1_271' title='bbox 939 1351 971 1380; x_wconf 91' lang='lat' dir='ltr'>et</span> <span class='ocrx_word' id='word_1_272' title='bbox 987 1348 1189 1380; x_wconf 87' lang='lat' dir='ltr'>cancellario</span> <span class='ocrx_word' id='word_1_273' title='bbox 1205 1348 1389 1385; x_wconf 64' lang='lat' dir='ltr'>Parisien„</span> <span class='ocrx_word' id='word_1_274' title='bbox 1405 1357 1442 1379; x_wconf 91' lang='lat' dir='ltr'>ac</span> <span class='ocrx_word' id='word_1_275' title='bbox 1456 1348 1595 1379; x_wconf 89' lang='lat' dir='ltr'>Nicolao</span> <span class='ocrx_word' id='word_1_276' title='bbox 1611 1348 1651 1379; x_wconf 91' lang='lat' dir='ltr'>de</span> <span class='ocrx_word' id='word_1_277' title='bbox 1667 1348 1827 1386; x_wconf 81' lang='lat' dir='ltr'>ceccano,</span> <span class='ocrx_word' id='word_1_278' title='bbox 1846 1358 1917 1380; x_wconf 85' lang='lat' dir='ltr'>can.</span> <span class='ocrx_word' id='word_1_279' title='bbox 1937 1349 2132 1382; x_wconf 87' lang='lat' dir='ltr'>Atrebaten.</span> <span class='ocrx_word' id='word_1_280' title='bbox 2153 1351 2232 1382; x_wconf 91' lang='lat' dir='ltr'>eccl.</span> 
     </span>
     <span class='ocr_line' id='line_1_39' title="bbox 638 1393 1341 1444; baseline -0.003 -10"><span class='ocrx_word' id='word_1_281' title='bbox 638 1404 691 1444; x_wconf 86' lang='lat' dir='ltr'>(A.</span> <span class='ocrx_word' id='word_1_282' title='bbox 711 1405 760 1438; x_wconf 80' lang='lat'>12,</span> <span class='ocrx_word' id='word_1_283' title='bbox 777 1403 801 1434; x_wconf 85' lang='lat' dir='ltr'>f.</span> <span class='ocrx_word' id='word_1_284' title='bbox 816 1405 877 1435; x_wconf 71' lang='grc'><strong>493</strong></span> <span class='ocrx_word' id='word_1_285' title='bbox 891 1408 920 1440; x_wconf 69' lang='lat'>³;</span> <span class='ocrx_word' id='word_1_286' title='bbox 943 1402 979 1433; x_wconf 86' lang='lat' dir='ltr'>V.</span> <span class='ocrx_word' id='word_1_287' title='bbox 994 1403 1046 1440; x_wconf 82' lang='grc'><strong>69,</strong></span> <span class='ocrx_word' id='word_1_288' title='bbox 1063 1411 1117 1442; x_wconf 82' lang='lat' dir='ltr'>ep.</span> <span class='ocrx_word' id='word_1_289' title='bbox 1136 1403 1239 1440; x_wconf 78' lang='lat'>1516.)</span> <span class='ocrx_word' id='word_1_290' title='bbox 1338 1393 1341 1395; x_wconf 73' lang='grc'><strong><em>’</em></strong></span> 
     </span>
    </p>

    <p class='ocr_par' dir='ltr' id='par_1_19' title="bbox 638 1454 2235 1654">
     <span class='ocr_line' id='line_1_40' title="bbox 682 1454 2235 1496; baseline 0.002 -11"><span class='ocrx_word' id='word_1_291' title='bbox 682 1454 794 1486; x_wconf 87' lang='grc'><strong>9361.</strong></span> <span class='ocrx_word' id='word_1_292' title='bbox 815 1473 852 1479; x_wconf 90' lang='grc'><strong>-</strong></span> <span class='ocrx_word' id='word_1_293' title='bbox 870 1455 1032 1496; x_wconf 73' lang='lat' dir='ltr'>Stephano</span> <span class='ocrx_word' id='word_1_294' title='bbox 1052 1454 1089 1486; x_wconf 82' lang='lat' dir='ltr'>de</span> <span class='ocrx_word' id='word_1_295' title='bbox 1113 1455 1217 1494; x_wconf 66' lang='lat' dir='ltr'>Rnjfo,</span> <span class='ocrx_word' id='word_1_296' title='bbox 1236 1463 1310 1486; x_wconf 88' lang='lat' dir='ltr'>can.</span> <span class='ocrx_word' id='word_1_297' title='bbox 1334 1454 1483 1495; x_wconf 86' lang='lat' dir='ltr'>praeben.</span> <span class='ocrx_word' id='word_1_298' title='bbox 1498 1454 1714 1491; x_wconf 81' lang='lat' dir='ltr'>Noviomen.‚</span> <span class='ocrx_word' id='word_1_299' title='bbox 1737 1454 1824 1485; x_wconf 78' lang='lat' dir='ltr'>conf.</span> <span class='ocrx_word' id='word_1_300' title='bbox 1842 1463 1960 1486; x_wconf 91' lang='lat' dir='ltr'>canon.</span> <span class='ocrx_word' id='word_1_301' title='bbox 1983 1456 2017 1486; x_wconf 84' lang='lat' dir='ltr'>et</span> <span class='ocrx_word' id='word_1_302' title='bbox 2032 1455 2134 1495; x_wconf 82' lang='lat' dir='ltr'>praeb.</span> <span class='ocrx_word' id='word_1_303' title='bbox 2154 1457 2235 1488; x_wconf 89' lang='lat' dir='ltr'>eccl.</span> 
     </span>
     <span class='ocr_line' id='line_1_41' title="bbox 638 1507 2235 1549; baseline 0 -8"><span class='ocrx_word' id='word_1_304' title='bbox 638 1510 823 1547; x_wconf 66' lang='lat' dir='ltr'>pictaven„</span> <span class='ocrx_word' id='word_1_305' title='bbox 841 1518 901 1549; x_wconf 88' lang='lat' dir='ltr'>per</span> <span class='ocrx_word' id='word_1_306' title='bbox 915 1509 998 1540; x_wconf 88' lang='lat' dir='ltr'>obit.</span> <span class='ocrx_word' id='word_1_307' title='bbox 1017 1509 1108 1548; x_wconf 85' lang='lat' dir='ltr'>apud.</span> <span class='ocrx_word' id='word_1_308' title='bbox 1125 1509 1158 1540; x_wconf 91' lang='lat' dir='ltr'>S.</span> <span class='ocrx_word' id='word_1_309' title='bbox 1177 1509 1218 1539; x_wconf 88' lang='lat' dir='ltr'>A.</span> <span class='ocrx_word' id='word_1_310' title='bbox 1236 1517 1323 1548; x_wconf 85' lang='lat' dir='ltr'>mag.</span> <span class='ocrx_word' id='word_1_311' title='bbox 1343 1508 1436 1539; x_wconf 89' lang='lat' dir='ltr'>Petri</span> <span class='ocrx_word' id='word_1_312' title='bbox 1458 1507 1561 1539; x_wconf 87' lang='lat' dir='ltr'>Fabri</span> <span class='ocrx_word' id='word_1_313' title='bbox 1580 1507 1621 1538; x_wconf 90' lang='lat' dir='ltr'>A.</span> <span class='ocrx_word' id='word_1_314' title='bbox 1644 1507 1677 1538; x_wconf 92' lang='lat' dir='ltr'>S.</span> <span class='ocrx_word' id='word_1_315' title='bbox 1701 1509 1769 1538; x_wconf 89' lang='lat' dir='ltr'>not.</span> <span class='ocrx_word' id='word_1_316' title='bbox 1789 1516 1858 1539; x_wconf 88' lang='lat' dir='ltr'>vac.</span> <span class='ocrx_word' id='word_1_317' title='bbox 1877 1525 1915 1530; x_wconf 87' lang='lat'>—</span> <span class='ocrx_word' id='word_1_318' title='bbox 1933 1508 1961 1539; x_wconf 95' lang='lat' dir='ltr'>I.</span> <span class='ocrx_word' id='word_1_319' title='bbox 1979 1517 2008 1539; x_wconf 90' lang='lat' dir='ltr'>e.</span> <span class='ocrx_word' id='word_1_320' title='bbox 2026 1517 2070 1540; x_wconf 91' lang='lat' dir='ltr'>m.</span> <span class='ocrx_word' id='word_1_321' title='bbox 2089 1518 2163 1549; x_wconf 90' lang='lat' dir='ltr'>ep.0</span> <span class='ocrx_word' id='word_1_322' title='bbox 2177 1510 2235 1541; x_wconf 88' lang='lat' dir='ltr'>Le-</span> 
     </span>
     <span class='ocr_line' id='line_1_42' title="bbox 638 1560 2234 1601; baseline 0 -7"><span class='ocrx_word' id='word_1_323' title='bbox 638 1563 818 1598; x_wconf 88' lang='lat' dir='ltr'>movicen.‚</span> <span class='ocrx_word' id='word_1_324' title='bbox 839 1564 872 1594; x_wconf 89' lang='lat' dir='ltr'>et</span> <span class='ocrx_word' id='word_1_325' title='bbox 899 1562 1026 1593; x_wconf 88' lang='lat' dir='ltr'>decano</span> <span class='ocrx_word' id='word_1_326' title='bbox 1044 1570 1072 1592; x_wconf 88' lang='lat' dir='ltr'>s.</span> <span class='ocrx_word' id='word_1_327' title='bbox 1096 1561 1221 1592; x_wconf 90' lang='lat' dir='ltr'>Hilarii</span> <span class='ocrx_word' id='word_1_328' title='bbox 1243 1561 1428 1598; x_wconf 87' lang='lat' dir='ltr'>Pictaven.‚</span> <span class='ocrx_word' id='word_1_329' title='bbox 1448 1570 1486 1592; x_wconf 89' lang='lat' dir='ltr'>ac</span> <span class='ocrx_word' id='word_1_330' title='bbox 1506 1560 1643 1601; x_wconf 86' lang='lat' dir='ltr'>Hugoni</span> <span class='ocrx_word' id='word_1_331' title='bbox 1667 1560 1707 1592; x_wconf 90' lang='lat' dir='ltr'>de</span> <span class='ocrx_word' id='word_1_332' title='bbox 1730 1561 1903 1599; x_wconf 83' lang='lat' dir='ltr'>Vernolio,</span> <span class='ocrx_word' id='word_1_333' title='bbox 1926 1570 2000 1592; x_wconf 89' lang='lat' dir='ltr'>can.</span> <span class='ocrx_word' id='word_1_334' title='bbox 2026 1562 2234 1594; x_wconf 86' lang='lat' dir='ltr'>Xanctonen.</span> 
     </span>
     <span class='ocr_line' id='line_1_43' title="bbox 638 1614 1327 1654; baseline -0.003 -6"><span class='ocrx_word' id='word_1_335' title='bbox 638 1616 720 1648; x_wconf 91' lang='lat' dir='ltr'>eccl.</span> <span class='ocrx_word' id='word_1_336' title='bbox 740 1616 791 1653; x_wconf 88' lang='lat' dir='ltr'>(A.</span> <span class='ocrx_word' id='word_1_337' title='bbox 810 1617 859 1653; x_wconf 85' lang='lat'>11,</span> <span class='ocrx_word' id='word_1_338' title='bbox 882 1615 904 1646; x_wconf 86' lang='lat' dir='ltr'>f.</span> <span class='ocrx_word' id='word_1_339' title='bbox 921 1616 980 1646; x_wconf 88' lang='lat'>390</span> <span class='ocrx_word' id='word_1_340' title='bbox 995 1620 1028 1651; x_wconf 78' lang='lat'>⁸3</span> <span class='ocrx_word' id='word_1_341' title='bbox 1052 1614 1084 1646; x_wconf 88' lang='lat' dir='ltr'>V.</span> <span class='ocrx_word' id='word_1_342' title='bbox 1101 1617 1153 1652; x_wconf 87' lang='lat'>69,</span> <span class='ocrx_word' id='word_1_343' title='bbox 1170 1623 1224 1654; x_wconf 89' lang='lat' dir='ltr'>ep.</span> <span class='ocrx_word' id='word_1_344' title='bbox 1243 1616 1327 1653; x_wconf 90' lang='grc'><strong>722.)</strong></span> 
     </span>
    </p>

    <p class='ocr_par' dir='ltr' id='par_1_20' title="bbox 639 1666 2237 1814">
     <span class='ocr_line' id='line_1_44' title="bbox 682 1666 2237 1708; baseline 0.001 -10"><span class='ocrx_word' id='word_1_345' title='bbox 682 1666 794 1698; x_wconf 76' lang='grc'><strong>9362.</strong></span> <span class='ocrx_word' id='word_1_346' title='bbox 812 1687 851 1692; x_wconf 93' lang='grc'>-</span> <span class='ocrx_word' id='word_1_347' title='bbox 868 1668 914 1699; x_wconf 87' lang='lat' dir='ltr'>De</span> <span class='ocrx_word' id='word_1_348' title='bbox 940 1668 1070 1699; x_wconf 82' lang='lat' dir='ltr'>Tuarcio</span> <span class='ocrx_word' id='word_1_349' title='bbox 1093 1673 1119 1698; x_wconf 82' lang='lat' dir='ltr'>et</span> <span class='ocrx_word' id='word_1_350' title='bbox 1136 1667 1173 1698; x_wconf 85' lang='lat' dir='ltr'>de</span> <span class='ocrx_word' id='word_1_351' title='bbox 1187 1678 1212 1699; x_wconf 82' lang='lat' dir='ltr'>s,</span> <span class='ocrx_word' id='word_1_352' title='bbox 1229 1666 1429 1708; x_wconf 75' lang='lat' dir='ltr'>Leodeqart&#39;o,</span> <span class='ocrx_word' id='word_1_353' title='bbox 1448 1667 1606 1697; x_wconf 83' lang='lat' dir='ltr'>Pictaven.</span> <span class='ocrx_word' id='word_1_354' title='bbox 1626 1672 1655 1697; x_wconf 82' lang='lat' dir='ltr'>et</span> <span class='ocrx_word' id='word_1_355' title='bbox 1671 1667 1862 1698; x_wconf 80' lang='lat' dir='ltr'>Xanctonen.</span> <span class='ocrx_word' id='word_1_356' title='bbox 1881 1667 1939 1703; x_wconf 87' lang='lat' dir='ltr'>di.,</span> <span class='ocrx_word' id='word_1_357' title='bbox 1956 1673 2084 1701; x_wconf 83' lang='lat' dir='ltr'>monast.</span> <span class='ocrx_word' id='word_1_358' title='bbox 2104 1669 2185 1706; x_wconf 65' lang='lat' dir='ltr'>abb„</span> <span class='ocrx_word' id='word_1_359' title='bbox 2203 1680 2237 1700; x_wconf 86' lang='lat' dir='ltr'>ac</span> 
     </span>
     <span class='ocr_line' id='line_1_45' title="bbox 639 1720 2236 1763; baseline 0 -11"><span class='ocrx_word' id='word_1_360' title='bbox 639 1721 787 1762; x_wconf 78' lang='lat' dir='ltr'>officialis</span> <span class='ocrx_word' id='word_1_361' title='bbox 804 1722 961 1752; x_wconf 84' lang='lat' dir='ltr'>Pictaven.</span> <span class='ocrx_word' id='word_1_362' title='bbox 989 1721 1112 1752; x_wconf 85' lang='lat' dir='ltr'>dantur</span> <span class='ocrx_word' id='word_1_363' title='bbox 1135 1723 1173 1751; x_wconf 89' lang='lat' dir='ltr'>ut</span> <span class='ocrx_word' id='word_1_364' title='bbox 1196 1721 1328 1760; x_wconf 81' lang='lat' dir='ltr'>J&#39;udices</span> <span class='ocrx_word' id='word_1_365' title='bbox 1355 1722 1611 1752; x_wconf 87' lang='lat' dir='ltr'>conservatores</span> <span class='ocrx_word' id='word_1_366' title='bbox 1639 1720 1789 1751; x_wconf 84' lang='lat' dir='ltr'>Arnaldo</span> <span class='ocrx_word' id='word_1_367' title='bbox 1817 1729 1893 1760; x_wconf 91' lang='lat' dir='ltr'>ep.0</span> <span class='ocrx_word' id='word_1_368' title='bbox 1914 1720 2079 1752; x_wconf 86' lang='lat' dir='ltr'>Albanen.</span> <span class='ocrx_word' id='word_1_369' title='bbox 2106 1722 2159 1763; x_wconf 87' lang='lat' dir='ltr'>(A.</span> <span class='ocrx_word' id='word_1_370' title='bbox 2189 1724 2236 1759; x_wconf 88' lang='grc'>11,</span> 
     </span>
     <span class='ocr_line' id='line_1_46' title="bbox 639 1774 1093 1814; baseline -0.007 -6"><span class='ocrx_word' id='word_1_371' title='bbox 639 1775 663 1808; x_wconf 82' lang='lat' dir='ltr'>f.</span> <span class='ocrx_word' id='word_1_372' title='bbox 683 1778 743 1807; x_wconf 80' lang='grc'><strong>476</strong></span> <span class='ocrx_word' id='word_1_373' title='bbox 762 1781 789 1812; x_wconf 73' lang='lat'>³3</span> <span class='ocrx_word' id='word_1_374' title='bbox 813 1775 849 1806; x_wconf 93' lang='lat' dir='ltr'>V.</span> <span class='ocrx_word' id='word_1_375' title='bbox 865 1776 917 1812; x_wconf 88' lang='grc'>69,</span> <span class='ocrx_word' id='word_1_376' title='bbox 935 1783 987 1814; x_wconf 83' lang='lat' dir='ltr'>ep.</span> <span class='ocrx_word' id='word_1_377' title='bbox 1008 1774 1093 1813; x_wconf 82' lang='grc'><strong>745.)</strong></span> 
     </span>
    </p>

    <p class='ocr_par' dir='ltr' id='par_1_21' title="bbox 639 1826 2239 2028">
     <span class='ocr_line' id='line_1_47' title="bbox 683 1826 2238 1868; baseline 0.001 -10"><span class='ocrx_word' id='word_1_378' title='bbox 683 1826 796 1858; x_wconf 84' lang='grc'><strong>9363.</strong></span> <span class='ocrx_word' id='word_1_379' title='bbox 812 1846 851 1852; x_wconf 88' lang='grc'>-</span> <span class='ocrx_word' id='word_1_380' title='bbox 869 1828 992 1859; x_wconf 82' lang='lat' dir='ltr'>Simoni</span> <span class='ocrx_word' id='word_1_381' title='bbox 1007 1827 1044 1858; x_wconf 81' lang='lat' dir='ltr'>de</span> <span class='ocrx_word' id='word_1_382' title='bbox 1067 1826 1219 1858; x_wconf 82' lang='lat' dir='ltr'>Convenis</span> <span class='ocrx_word' id='word_1_383' title='bbox 1239 1827 1326 1858; x_wconf 87' lang='lat' dir='ltr'>conf.</span> <span class='ocrx_word' id='word_1_384' title='bbox 1344 1826 1524 1858; x_wconf 87' lang='lat' dir='ltr'>archidiac.</span> <span class='ocrx_word' id='word_1_385' title='bbox 1549 1827 1629 1858; x_wconf 92' lang='lat' dir='ltr'>eccl.</span> <span class='ocrx_word' id='word_1_386' title='bbox 1648 1827 1877 1864; x_wconf 73' lang='lat' dir='ltr'>Cantuarien,</span> <span class='ocrx_word' id='word_1_387' title='bbox 1896 1836 1956 1866; x_wconf 89' lang='lat' dir='ltr'>per</span> <span class='ocrx_word' id='word_1_388' title='bbox 1981 1828 2140 1868; x_wconf 86' lang='lat' dir='ltr'>resignat.</span> <span class='ocrx_word' id='word_1_389' title='bbox 2160 1829 2238 1860; x_wconf 87' lang='lat' dir='ltr'>Gui-</span> 
     </span>
     <span class='ocr_line' id='line_1_48' title="bbox 640 1880 2239 1920; baseline -0.001 -6"><span class='ocrx_word' id='word_1_390' title='bbox 640 1883 732 1914; x_wconf 85' lang='lat' dir='ltr'>cardi</span> <span class='ocrx_word' id='word_1_391' title='bbox 748 1883 788 1913; x_wconf 88' lang='lat' dir='ltr'>de</span> <span class='ocrx_word' id='word_1_392' title='bbox 806 1881 949 1913; x_wconf 87' lang='lat' dir='ltr'>Lebreto</span> <span class='ocrx_word' id='word_1_393' title='bbox 973 1890 1026 1920; x_wconf 87' lang='lat' dir='ltr'>ap.</span> <span class='ocrx_word' id='word_1_394' title='bbox 1053 1881 1086 1912; x_wconf 88' lang='lat' dir='ltr'>S.</span> <span class='ocrx_word' id='word_1_395' title='bbox 1110 1881 1151 1911; x_wconf 90' lang='lat' dir='ltr'>A.</span> <span class='ocrx_word' id='word_1_396' title='bbox 1177 1880 1301 1911; x_wconf 83' lang='lat' dir='ltr'>factam</span> <span class='ocrx_word' id='word_1_397' title='bbox 1322 1888 1395 1911; x_wconf 89' lang='lat' dir='ltr'>vac.</span> <span class='ocrx_word' id='word_1_398' title='bbox 1418 1897 1451 1902; x_wconf 94' lang='lat'>—</span> <span class='ocrx_word' id='word_1_399' title='bbox 1473 1880 1498 1911; x_wconf 96' lang='grc' dir='ltr'>Ι.</span> <span class='ocrx_word' id='word_1_400' title='bbox 1517 1889 1545 1911; x_wconf 92' lang='lat' dir='ltr'>e.</span> <span class='ocrx_word' id='word_1_401' title='bbox 1566 1889 1611 1910; x_wconf 88' lang='lat' dir='ltr'>m.</span> <span class='ocrx_word' id='word_1_402' title='bbox 1635 1888 1710 1919; x_wconf 87' lang='lat' dir='ltr'>ep.0</span> <span class='ocrx_word' id='word_1_403' title='bbox 1735 1880 1970 1915; x_wconf 76' lang='lat' dir='ltr'>Hereforden„</span> <span class='ocrx_word' id='word_1_404' title='bbox 1996 1882 2028 1912; x_wconf 90' lang='lat' dir='ltr'>et</span> <span class='ocrx_word' id='word_1_405' title='bbox 2051 1881 2182 1913; x_wconf 86' lang='lat' dir='ltr'>Buxolo</span> <span class='ocrx_word' id='word_1_406' title='bbox 2199 1882 2239 1913; x_wconf 86' lang='lat' dir='ltr'>de</span> 
     </span>
     <span class='ocr_line' id='line_1_49' title="bbox 640 1933 2239 1974; baseline -0.002 -7"><span class='ocrx_word' id='word_1_407' title='bbox 640 1936 773 1973; x_wconf 87' lang='lat' dir='ltr'>Parma,</span> <span class='ocrx_word' id='word_1_408' title='bbox 793 1936 993 1970; x_wconf 84' lang='lat' dir='ltr'>Tornacen.‚</span> <span class='ocrx_word' id='word_1_409' title='bbox 1015 1943 1053 1965; x_wconf 88' lang='lat' dir='ltr'>ac</span> <span class='ocrx_word' id='word_1_410' title='bbox 1077 1934 1222 1974; x_wconf 86' lang='lat' dir='ltr'>Rigaldo</span> <span class='ocrx_word' id='word_1_411' title='bbox 1244 1934 1285 1965; x_wconf 86' lang='lat' dir='ltr'>de</span> <span class='ocrx_word' id='word_1_412' title='bbox 1310 1933 1463 1970; x_wconf 86' lang='lat' dir='ltr'>Asserio,</span> <span class='ocrx_word' id='word_1_413' title='bbox 1488 1933 1706 1964; x_wconf 83' lang='lat' dir='ltr'>Aurelianen.</span> <span class='ocrx_word' id='word_1_414' title='bbox 1732 1942 1805 1964; x_wconf 85' lang='lat' dir='ltr'>can.</span> <span class='ocrx_word' id='word_1_415' title='bbox 1831 1933 1924 1969; x_wconf 64' lang='lat' dir='ltr'>eccl„</span> <span class='ocrx_word' id='word_1_416' title='bbox 1952 1934 2017 1965; x_wconf 90' lang='grc' dir='ltr'>ΡΡ.</span> <span class='ocrx_word' id='word_1_417' title='bbox 2044 1935 2239 1974; x_wconf 86' lang='lat' dir='ltr'>capellanis.</span> 
     </span>
     <span class='ocr_line' id='line_1_50' title="bbox 639 1988 938 2028; baseline -0.01 -8"><span class='ocrx_word' id='word_1_418' title='bbox 639 1989 694 2027; x_wconf 92' lang='lat' dir='ltr'>(V.</span> <span class='ocrx_word' id='word_1_419' title='bbox 712 1990 763 2026; x_wconf 84' lang='lat'>69,</span> <span class='ocrx_word' id='word_1_420' title='bbox 781 1997 832 2028; x_wconf 89' lang='lat' dir='ltr'>ep.</span> <span class='ocrx_word' id='word_1_421' title='bbox 854 1988 938 2027; x_wconf 83' lang='lat'>750.)</span> 
     </span>
    </p>

    <p class='ocr_par' dir='ltr' id='par_1_22' title="bbox 640 2038 2243 2187">
     <span class='ocr_line' id='line_1_51' title="bbox 684 2038 2238 2080; baseline 0.001 -10"><span class='ocrx_word' id='word_1_422' title='bbox 684 2038 796 2070; x_wconf 78' lang='lat'>9364.</span> <span class='ocrx_word' id='word_1_423' title='bbox 813 2059 853 2064; x_wconf 90' lang='lat'><strong>—</strong></span> <span class='ocrx_word' id='word_1_424' title='bbox 870 2040 998 2080; x_wconf 73' lang='lat' dir='ltr'>Huqoni</span> <span class='ocrx_word' id='word_1_425' title='bbox 1021 2040 1165 2080; x_wconf 76' lang='lat' dir='ltr'>Roqqerii</span> <span class='ocrx_word' id='word_1_426' title='bbox 1183 2040 1402 2070; x_wconf 80' lang='lat' dir='ltr'>conferuntur</span> <span class='ocrx_word' id='word_1_427' title='bbox 1419 2047 1537 2070; x_wconf 89' lang='lat' dir='ltr'>canon.</span> <span class='ocrx_word' id='word_1_428' title='bbox 1558 2040 1591 2070; x_wconf 87' lang='lat' dir='ltr'>et</span> <span class='ocrx_word' id='word_1_429' title='bbox 1615 2038 1718 2078; x_wconf 88' lang='lat' dir='ltr'>praeb.</span> <span class='ocrx_word' id='word_1_430' title='bbox 1736 2039 1815 2070; x_wconf 89' lang='lat' dir='ltr'>eccl.</span> <span class='ocrx_word' id='word_1_431' title='bbox 1835 2048 1862 2070; x_wconf 87' lang='lat' dir='ltr'>s.</span> <span class='ocrx_word' id='word_1_432' title='bbox 1881 2040 2064 2071; x_wconf 87' lang='lat' dir='ltr'>Frontonis</span> <span class='ocrx_word' id='word_1_433' title='bbox 2083 2041 2238 2080; x_wconf 85' lang='lat' dir='ltr'>Petrago-</span> 
     </span>
     <span class='ocr_line' id='line_1_52' title="bbox 641 2092 2241 2134; baseline -0.001 -8"><span class='ocrx_word' id='word_1_434' title='bbox 641 2095 757 2132; x_wconf 78' lang='lat' dir='ltr'>rIcen.,</span> <span class='ocrx_word' id='word_1_435' title='bbox 774 2103 834 2134; x_wconf 90' lang='lat' dir='ltr'>per</span> <span class='ocrx_word' id='word_1_436' title='bbox 857 2094 939 2125; x_wconf 83' lang='lat' dir='ltr'>obit.</span> <span class='ocrx_word' id='word_1_437' title='bbox 958 2103 1010 2134; x_wconf 87' lang='lat' dir='ltr'>ap.</span> <span class='ocrx_word' id='word_1_438' title='bbox 1027 2093 1060 2125; x_wconf 91' lang='lat' dir='ltr'>S.</span> <span class='ocrx_word' id='word_1_439' title='bbox 1082 2094 1122 2124; x_wconf 86' lang='lat' dir='ltr'>A.</span> <span class='ocrx_word' id='word_1_440' title='bbox 1142 2102 1231 2132; x_wconf 86' lang='lat' dir='ltr'>mag.</span> <span class='ocrx_word' id='word_1_441' title='bbox 1255 2093 1350 2124; x_wconf 86' lang='lat' dir='ltr'>Petri</span> <span class='ocrx_word' id='word_1_442' title='bbox 1372 2092 1487 2129; x_wconf 84' lang='lat' dir='ltr'>Fabri,</span> <span class='ocrx_word' id='word_1_443' title='bbox 1506 2092 1602 2123; x_wconf 84' lang='lat' dir='ltr'>dictae</span> <span class='ocrx_word' id='word_1_444' title='bbox 1623 2092 1715 2123; x_wconf 87' lang='lat' dir='ltr'>sedis</span> <span class='ocrx_word' id='word_1_445' title='bbox 1740 2094 1822 2129; x_wconf 63' lang='lat' dir='ltr'>not„</span> <span class='ocrx_word' id='word_1_446' title='bbox 1841 2102 1910 2124; x_wconf 84' lang='lat' dir='ltr'>vac.</span> <span class='ocrx_word' id='word_1_447' title='bbox 1931 2111 1969 2115; x_wconf 97' lang='lat'><strong>—</strong></span> <span class='ocrx_word' id='word_1_448' title='bbox 1993 2094 2019 2124; x_wconf 93' lang='lat' dir='ltr'>I.</span> <span class='ocrx_word' id='word_1_449' title='bbox 2048 2102 2077 2125; x_wconf 87' lang='lat' dir='ltr'>e.</span> <span class='ocrx_word' id='word_1_450' title='bbox 2098 2102 2142 2124; x_wconf 90' lang='lat' dir='ltr'>m.</span> <span class='ocrx_word' id='word_1_451' title='bbox 2163 2102 2241 2133; x_wconf 88' lang='lat' dir='ltr'>ep.o</span> 
     </span>
     <span class='ocr_line' id='line_1_53' title="bbox 640 2145 2243 2187; baseline -0.001 -7"><span class='ocrx_word' id='word_1_452' title='bbox 640 2149 834 2186; x_wconf 86' lang='lat' dir='ltr'>Caturcen.,</span> <span class='ocrx_word' id='word_1_453' title='bbox 850 2151 882 2179; x_wconf 85' lang='lat' dir='ltr'>et</span> <span class='ocrx_word' id='word_1_454' title='bbox 898 2147 1101 2187; x_wconf 83' lang='lat' dir='ltr'>Raymundo</span> <span class='ocrx_word' id='word_1_455' title='bbox 1123 2147 1163 2177; x_wconf 91' lang='lat' dir='ltr'>de</span> <span class='ocrx_word' id='word_1_456' title='bbox 1187 2146 1299 2183; x_wconf 84' lang='lat' dir='ltr'>Ruffo,</span> <span class='ocrx_word' id='word_1_457' title='bbox 1316 2146 1508 2183; x_wconf 66' lang='lat' dir='ltr'>Caturoen„</span> <span class='ocrx_word' id='word_1_458' title='bbox 1529 2154 1566 2177; x_wconf 91' lang='lat' dir='ltr'>ac</span> <span class='ocrx_word' id='word_1_459' title='bbox 1582 2145 1751 2185; x_wconf 81' lang='lat' dir='ltr'>Stephano</span> <span class='ocrx_word' id='word_1_460' title='bbox 1769 2146 1849 2176; x_wconf 86' lang='lat' dir='ltr'>dicti</span> <span class='ocrx_word' id='word_1_461' title='bbox 1868 2146 1934 2177; x_wconf 90' lang='lat' dir='ltr'>loci</span> <span class='ocrx_word' id='word_1_462' title='bbox 1949 2146 1989 2177; x_wconf 89' lang='lat' dir='ltr'>de</span> <span class='ocrx_word' id='word_1_463' title='bbox 2005 2147 2116 2183; x_wconf 79' lang='lat' dir='ltr'>Rufl‘o,</span> <span class='ocrx_word' id='word_1_464' title='bbox 2133 2147 2243 2178; x_wconf 89' lang='lat' dir='ltr'>Picta-</span> 
     </span>
    </p>
   </div>
   <div class='ocr_carea' id='block_1_16' title="bbox 581 2197 1518 2239">
    <p class='ocr_par' dir='ltr' id='par_1_23' title="bbox 581 2197 1518 2239">
     <span class='ocr_line' id='line_1_54' title="bbox 581 2197 1518 2239; baseline -0.003 -7"><span class='ocrx_word' id='word_1_465' title='bbox 581 2197 584 2201; x_wconf 85' lang='grc'>’</span> <span class='ocrx_word' id='word_1_466' title='bbox 640 2211 717 2233; x_wconf 87' lang='lat' dir='ltr'>ven.</span> <span class='ocrx_word' id='word_1_467' title='bbox 733 2210 805 2232; x_wconf 88' lang='lat' dir='ltr'>can.</span> <span class='ocrx_word' id='word_1_468' title='bbox 823 2201 903 2232; x_wconf 89' lang='lat' dir='ltr'>eccl.</span> <span class='ocrx_word' id='word_1_469' title='bbox 922 2200 975 2239; x_wconf 88' lang='lat' dir='ltr'>(A.</span> <span class='ocrx_word' id='word_1_470' title='bbox 998 2201 1049 2236; x_wconf 82' lang='lat'>81,</span> <span class='ocrx_word' id='word_1_471' title='bbox 1077 2200 1099 2230; x_wconf 87' lang='lat' dir='ltr'>f.</span> <span class='ocrx_word' id='word_1_472' title='bbox 1118 2201 1173 2231; x_wconf 88' lang='grc'>131</span> <span class='ocrx_word' id='word_1_473' title='bbox 1190 2199 1219 2236; x_wconf 74' lang='lat'>1³3</span> <span class='ocrx_word' id='word_1_474' title='bbox 1239 2199 1275 2230; x_wconf 91' lang='lat' dir='ltr'>V.</span> <span class='ocrx_word' id='word_1_475' title='bbox 1292 2200 1343 2235; x_wconf 91' lang='grc'><strong>69,</strong></span> <span class='ocrx_word' id='word_1_476' title='bbox 1359 2208 1411 2238; x_wconf 86' lang='lat' dir='ltr'>ep.</span> <span class='ocrx_word' id='word_1_477' title='bbox 1433 2199 1518 2236; x_wconf 87' lang='grc'><strong>787.)</strong></span> 
     </span>
    </p>
   </div>
   <div class='ocr_carea' id='block_1_17' title="bbox 641 2252 2243 2983">
    <p class='ocr_par' dir='ltr' id='par_1_24' title="bbox 641 2252 2241 2453">
     <span class='ocr_line' id='line_1_55' title="bbox 684 2252 2241 2293; baseline -0.001 -9"><span class='ocrx_word' id='word_1_478' title='bbox 684 2252 796 2283; x_wconf 80' lang='grc'><strong>9365.</strong></span> <span class='ocrx_word' id='word_1_479' title='bbox 817 2272 854 2277; x_wconf 80' lang='lat'>-</span> <span class='ocrx_word' id='word_1_480' title='bbox 872 2253 1049 2284; x_wconf 81' lang='lat' dir='ltr'>Bertrando</span> <span class='ocrx_word' id='word_1_481' title='bbox 1071 2252 1211 2293; x_wconf 81' lang='lat' dir='ltr'>Scofarii</span> <span class='ocrx_word' id='word_1_482' title='bbox 1227 2252 1340 2283; x_wconf 90' lang='lat' dir='ltr'>collat.</span> <span class='ocrx_word' id='word_1_483' title='bbox 1358 2261 1477 2283; x_wconf 87' lang='lat' dir='ltr'>canon.</span> <span class='ocrx_word' id='word_1_484' title='bbox 1495 2253 1527 2283; x_wconf 87' lang='lat' dir='ltr'>et</span> <span class='ocrx_word' id='word_1_485' title='bbox 1545 2252 1649 2291; x_wconf 88' lang='lat' dir='ltr'>praeb.</span> <span class='ocrx_word' id='word_1_486' title='bbox 1673 2252 1895 2283; x_wconf 84' lang='lat' dir='ltr'>sacerdotalis</span> <span class='ocrx_word' id='word_1_487' title='bbox 1913 2252 1993 2283; x_wconf 89' lang='lat' dir='ltr'>eccl.</span> <span class='ocrx_word' id='word_1_488' title='bbox 2016 2252 2241 2288; x_wconf 86' lang='lat' dir='ltr'>Ebredunen.‚</span> 
     </span>
     <span class='ocr_line' id='line_1_56' title="bbox 641 2305 2239 2347; baseline -0.002 -8"><span class='ocrx_word' id='word_1_489' title='bbox 641 2317 701 2347; x_wconf 88' lang='lat' dir='ltr'>per</span> <span class='ocrx_word' id='word_1_490' title='bbox 717 2308 798 2339; x_wconf 85' lang='lat' dir='ltr'>obit.</span> <span class='ocrx_word' id='word_1_491' title='bbox 815 2317 867 2347; x_wconf 87' lang='lat' dir='ltr'>ap.</span> <span class='ocrx_word' id='word_1_492' title='bbox 887 2308 922 2339; x_wconf 88' lang='lat' dir='ltr'>S.</span> <span class='ocrx_word' id='word_1_493' title='bbox 942 2309 982 2338; x_wconf 82' lang='lat' dir='ltr'>A.</span> <span class='ocrx_word' id='word_1_494' title='bbox 1002 2306 1156 2338; x_wconf 86' lang='lat' dir='ltr'>Obertini</span> <span class='ocrx_word' id='word_1_495' title='bbox 1181 2306 1221 2337; x_wconf 89' lang='lat' dir='ltr'>de</span> <span class='ocrx_word' id='word_1_496' title='bbox 1241 2306 1345 2342; x_wconf 88' lang='lat' dir='ltr'>Quier</span> <span class='ocrx_word' id='word_1_497' title='bbox 1363 2314 1434 2336; x_wconf 91' lang='lat' dir='ltr'>vac.</span> <span class='ocrx_word' id='word_1_498' title='bbox 1459 2322 1498 2328; x_wconf 95' lang='lat'>—</span> <span class='ocrx_word' id='word_1_499' title='bbox 1513 2305 1540 2336; x_wconf 92' lang='lat' dir='ltr'>I.</span> <span class='ocrx_word' id='word_1_500' title='bbox 1558 2314 1587 2336; x_wconf 90' lang='lat' dir='ltr'>e.</span> <span class='ocrx_word' id='word_1_501' title='bbox 1611 2314 1655 2336; x_wconf 86' lang='lat' dir='ltr'>m.</span> <span class='ocrx_word' id='word_1_502' title='bbox 1673 2306 1798 2336; x_wconf 87' lang='lat' dir='ltr'>decano</span> <span class='ocrx_word' id='word_1_503' title='bbox 1823 2306 2018 2345; x_wconf 69' lang='lat' dir='ltr'>Vapincen„</span> <span class='ocrx_word' id='word_1_504' title='bbox 2037 2307 2068 2337; x_wconf 88' lang='lat' dir='ltr'>et</span> <span class='ocrx_word' id='word_1_505' title='bbox 2085 2307 2180 2336; x_wconf 89' lang='lat' dir='ltr'>Petro</span> <span class='ocrx_word' id='word_1_506' title='bbox 2199 2306 2239 2336; x_wconf 87' lang='lat' dir='ltr'>de</span> 
     </span>
     <span class='ocr_line' id='line_1_57' title="bbox 641 2358 2239 2400; baseline -0.003 -8"><span class='ocrx_word' id='word_1_507' title='bbox 641 2361 820 2397; x_wconf 85' lang='lat' dir='ltr'>Thofaliis‚</span> <span class='ocrx_word' id='word_1_508' title='bbox 848 2361 1035 2400; x_wconf 80' lang='lat' dir='ltr'>Agennen.,</span> <span class='ocrx_word' id='word_1_509' title='bbox 1062 2369 1099 2390; x_wconf 84' lang='lat' dir='ltr'>ac</span> <span class='ocrx_word' id='word_1_510' title='bbox 1124 2359 1311 2390; x_wconf 82' lang='lat' dir='ltr'>Bertrando</span> <span class='ocrx_word' id='word_1_511' title='bbox 1339 2358 1495 2396; x_wconf 88' lang='lat' dir='ltr'>Arnaldi,</span> <span class='ocrx_word' id='word_1_512' title='bbox 1517 2359 1711 2390; x_wconf 86' lang='lat' dir='ltr'>Sistaricen.</span> <span class='ocrx_word' id='word_1_513' title='bbox 1737 2367 1809 2390; x_wconf 87' lang='lat' dir='ltr'>can.</span> <span class='ocrx_word' id='word_1_514' title='bbox 1834 2359 1914 2390; x_wconf 86' lang='lat' dir='ltr'>eccl.</span> <span class='ocrx_word' id='word_1_515' title='bbox 1941 2359 1994 2398; x_wconf 91' lang='lat' dir='ltr'>(A.</span> <span class='ocrx_word' id='word_1_516' title='bbox 2022 2360 2070 2395; x_wconf 87' lang='grc'><strong>12,</strong></span> <span class='ocrx_word' id='word_1_517' title='bbox 2089 2358 2111 2390; x_wconf 87' lang='lat' dir='ltr'>f.</span> <span class='ocrx_word' id='word_1_518' title='bbox 2131 2360 2188 2389; x_wconf 84' lang='grc'><strong>221</strong></span> <span class='ocrx_word' id='word_1_519' title='bbox 2208 2363 2239 2394; x_wconf 75' lang='lat'>³3</span> 
     </span>
     <span class='ocr_line' id='line_1_58' title="bbox 649 2406 949 2453; baseline 0.003 -9"><span class='ocrx_word' id='word_1_520' title='bbox 649 2414 680 2445; x_wconf 85' lang='lat' dir='ltr'>V.</span> <span class='ocrx_word' id='word_1_521' title='bbox 700 2416 751 2451; x_wconf 86' lang='lat'>69,</span> <span class='ocrx_word' id='word_1_522' title='bbox 771 2423 822 2453; x_wconf 83' lang='lat' dir='ltr'>ep.</span> <span class='ocrx_word' id='word_1_523' title='bbox 844 2406 949 2452; x_wconf 80' lang='lat'>1208.)</span> 
     </span>
    </p>

    <p class='ocr_par' dir='ltr' id='par_1_25' title="bbox 641 2463 2242 2773">
     <span class='ocr_line' id='line_1_59' title="bbox 685 2463 2240 2507; baseline -0.001 -11"><span class='ocrx_word' id='word_1_524' title='bbox 685 2465 798 2496; x_wconf 84' lang='grc'><strong>9366.</strong></span> <span class='ocrx_word' id='word_1_525' title='bbox 815 2484 854 2489; x_wconf 84' lang='grc'>-</span> <span class='ocrx_word' id='word_1_526' title='bbox 870 2467 955 2507; x_wconf 72' lang='lat' dir='ltr'>May.</span> <span class='ocrx_word' id='word_1_527' title='bbox 971 2465 1124 2506; x_wconf 83' lang='lat' dir='ltr'>Gaufrz&#39;do</span> <span class='ocrx_word' id='word_1_528' title='bbox 1142 2465 1178 2496; x_wconf 85' lang='lat' dir='ltr'>de</span> <span class='ocrx_word' id='word_1_529' title='bbox 1190 2465 1338 2506; x_wconf 73' lang='lat' dir='ltr'>Plexeyo,</span> <span class='ocrx_word' id='word_1_530' title='bbox 1352 2465 1419 2495; x_wconf 87' lang='lat' dir='ltr'>PP.</span> <span class='ocrx_word' id='word_1_531' title='bbox 1438 2469 1517 2502; x_wconf 85' lang='lat' dir='ltr'>not.,</span> <span class='ocrx_word' id='word_1_532' title='bbox 1531 2465 1601 2503; x_wconf 88' lang='lat' dir='ltr'>jam</span> <span class='ocrx_word' id='word_1_533' title='bbox 1617 2465 1652 2495; x_wconf 91' lang='lat' dir='ltr'>in</span> <span class='ocrx_word' id='word_1_534' title='bbox 1668 2467 1764 2496; x_wconf 85' lang='lat' dir='ltr'>aetate</span> <span class='ocrx_word' id='word_1_535' title='bbox 1780 2466 1948 2504; x_wconf 86' lang='lat' dir='ltr'>provecto,</span> <span class='ocrx_word' id='word_1_536' title='bbox 1965 2463 2126 2503; x_wconf 86' lang='lat' dir='ltr'>indulget.</span> <span class='ocrx_word' id='word_1_537' title='bbox 2146 2465 2182 2494; x_wconf 93' lang='lat' dir='ltr'>ut</span> <span class='ocrx_word' id='word_1_538' title='bbox 2199 2463 2240 2494; x_wconf 91' lang='lat' dir='ltr'>ah</span> 
     </span>
     <span class='ocr_line' id='line_1_60' title="bbox 641 2517 2238 2559; baseline -0.004 -6"><span class='ocrx_word' id='word_1_539' title='bbox 641 2522 681 2553; x_wconf 89' lang='lat' dir='ltr'>A.</span> <span class='ocrx_word' id='word_1_540' title='bbox 699 2522 733 2553; x_wconf 89' lang='lat' dir='ltr'>S.</span> <span class='ocrx_word' id='word_1_541' title='bbox 749 2520 873 2551; x_wconf 75' lang='lat' dir='ltr'>absens</span> <span class='ocrx_word' id='word_1_542' title='bbox 891 2520 976 2551; x_wconf 83' lang='lat' dir='ltr'>eisd.</span> <span class='ocrx_word' id='word_1_543' title='bbox 995 2519 1186 2559; x_wconf 82' lang='lat' dir='ltr'>privilegiis</span> <span class='ocrx_word' id='word_1_544' title='bbox 1209 2519 1352 2558; x_wconf 83' lang='lat' dir='ltr'>gaudeat</span> <span class='ocrx_word' id='word_1_545' title='bbox 1369 2518 1411 2549; x_wconf 85' lang='lat' dir='ltr'>ad.</span> <span class='ocrx_word' id='word_1_546' title='bbox 1432 2517 1620 2555; x_wconf 90' lang='lat' dir='ltr'>biennium,</span> <span class='ocrx_word' id='word_1_547' title='bbox 1645 2518 1769 2557; x_wconf 88' lang='lat' dir='ltr'>quibus</span> <span class='ocrx_word' id='word_1_548' title='bbox 1785 2517 1872 2556; x_wconf 89' lang='lat' dir='ltr'>apud</span> <span class='ocrx_word' id='word_1_549' title='bbox 1889 2517 2012 2548; x_wconf 86' lang='lat' dir='ltr'>dictam</span> <span class='ocrx_word' id='word_1_550' title='bbox 2028 2517 2142 2547; x_wconf 88' lang='lat' dir='ltr'>sedem</span> <span class='ocrx_word' id='word_1_551' title='bbox 2157 2517 2238 2547; x_wconf 86' lang='lat' dir='ltr'>resi-</span> 
     </span>
     <span class='ocr_line' id='line_1_61' title="bbox 642 2569 2242 2611; baseline -0.004 -6"><span class='ocrx_word' id='word_1_552' title='bbox 642 2574 751 2605; x_wconf 86' lang='lat' dir='ltr'>dendo</span> <span class='ocrx_word' id='word_1_553' title='bbox 768 2575 801 2605; x_wconf 91' lang='lat' dir='ltr'>et</span> <span class='ocrx_word' id='word_1_554' title='bbox 821 2573 875 2604; x_wconf 87' lang='lat' dir='ltr'>sui</span> <span class='ocrx_word' id='word_1_555' title='bbox 893 2573 1083 2604; x_wconf 84' lang='lat' dir='ltr'>notariatus</span> <span class='ocrx_word' id='word_1_556' title='bbox 1100 2573 1155 2604; x_wconf 84' lang='lat' dir='ltr'>off.</span> <span class='ocrx_word' id='word_1_557' title='bbox 1175 2572 1362 2603; x_wconf 83' lang='lat' dir='ltr'>exercendo</span> <span class='ocrx_word' id='word_1_558' title='bbox 1380 2571 1553 2611; x_wconf 88' lang='lat' dir='ltr'>gauderet,</span> <span class='ocrx_word' id='word_1_559' title='bbox 1577 2580 1653 2602; x_wconf 90' lang='lat' dir='ltr'>cum</span> <span class='ocrx_word' id='word_1_560' title='bbox 1681 2571 1720 2601; x_wconf 86' lang='lat' dir='ltr'>de</span> <span class='ocrx_word' id='word_1_561' title='bbox 1745 2570 1887 2601; x_wconf 86' lang='lat' dir='ltr'>consilio</span> <span class='ocrx_word' id='word_1_562' title='bbox 1909 2569 2126 2609; x_wconf 88' lang='lat' dir='ltr'>physicorum</span> <span class='ocrx_word' id='word_1_563' title='bbox 2145 2570 2242 2600; x_wconf 83' lang='lat' dir='ltr'>extra</span> 
     </span>
     <span class='ocr_line' id='line_1_62' title="bbox 642 2621 2238 2664; baseline -0.004 -6"><span class='ocrx_word' id='word_1_564' title='bbox 642 2628 831 2659; x_wconf 83' lang='lat' dir='ltr'>Romanam</span> <span class='ocrx_word' id='word_1_565' title='bbox 846 2626 976 2657; x_wconf 89' lang='lat' dir='ltr'>curiam</span> <span class='ocrx_word' id='word_1_566' title='bbox 991 2626 1027 2656; x_wconf 91' lang='lat' dir='ltr'>in</span> <span class='ocrx_word' id='word_1_567' title='bbox 1041 2634 1117 2657; x_wconf 89' lang='lat' dir='ltr'>aere</span> <span class='ocrx_word' id='word_1_568' title='bbox 1134 2625 1238 2656; x_wconf 87' lang='lat' dir='ltr'>natali</span> <span class='ocrx_word' id='word_1_569' title='bbox 1256 2625 1382 2656; x_wconf 87' lang='lat' dir='ltr'>morari</span> <span class='ocrx_word' id='word_1_570' title='bbox 1397 2633 1433 2656; x_wconf 88' lang='lat' dir='ltr'>se</span> <span class='ocrx_word' id='word_1_571' title='bbox 1446 2626 1623 2664; x_wconf 87' lang='lat' dir='ltr'>proponat.</span> <span class='ocrx_word' id='word_1_572' title='bbox 1642 2641 1680 2647; x_wconf 88' lang='lat'><em>-</em></span> <span class='ocrx_word' id='word_1_573' title='bbox 1695 2624 1722 2654; x_wconf 91' lang='grc' dir='ltr'>Ι.</span> <span class='ocrx_word' id='word_1_574' title='bbox 1742 2632 1770 2654; x_wconf 91' lang='grc'>0.</span> <span class='ocrx_word' id='word_1_575' title='bbox 1786 2631 1831 2653; x_wconf 90' lang='lat' dir='ltr'>m.</span> <span class='ocrx_word' id='word_1_576' title='bbox 1849 2631 1875 2653; x_wconf 90' lang='lat' dir='ltr'>s.</span> <span class='ocrx_word' id='word_1_577' title='bbox 1895 2622 2055 2653; x_wconf 89' lang='lat' dir='ltr'>Germani</span> <span class='ocrx_word' id='word_1_578' title='bbox 2071 2621 2111 2652; x_wconf 89' lang='lat' dir='ltr'>de</span> <span class='ocrx_word' id='word_1_579' title='bbox 2126 2622 2238 2653; x_wconf 88' lang='lat' dir='ltr'>Pratis</span> 
     </span>
     <span class='ocr_line' id='line_1_63' title="bbox 642 2674 2238 2718; baseline -0.003 -7"><span class='ocrx_word' id='word_1_580' title='bbox 642 2680 824 2717; x_wconf 63' lang='lat' dir='ltr'>parisien„</span> <span class='ocrx_word' id='word_1_581' title='bbox 850 2681 882 2710; x_wconf 89' lang='lat' dir='ltr'>et</span> <span class='ocrx_word' id='word_1_582' title='bbox 906 2687 933 2709; x_wconf 91' lang='lat' dir='ltr'>s.</span> <span class='ocrx_word' id='word_1_583' title='bbox 954 2678 1127 2718; x_wconf 89' lang='lat' dir='ltr'>Dionysii,</span> <span class='ocrx_word' id='word_1_584' title='bbox 1149 2678 1317 2709; x_wconf 86' lang='lat' dir='ltr'>Parisien.</span> <span class='ocrx_word' id='word_1_585' title='bbox 1343 2678 1403 2712; x_wconf 91' lang='lat' dir='ltr'>di.,</span> <span class='ocrx_word' id='word_1_586' title='bbox 1423 2679 1568 2708; x_wconf 86' lang='lat' dir='ltr'>monast.</span> <span class='ocrx_word' id='word_1_587' title='bbox 1593 2677 1682 2714; x_wconf 59' lang='lat' dir='ltr'>abb„</span> <span class='ocrx_word' id='word_1_588' title='bbox 1707 2685 1743 2706; x_wconf 88' lang='lat' dir='ltr'>ac</span> <span class='ocrx_word' id='word_1_589' title='bbox 1764 2675 1972 2706; x_wconf 84' lang='lat' dir='ltr'>thesaurario</span> <span class='ocrx_word' id='word_1_590' title='bbox 1989 2674 2069 2706; x_wconf 88' lang='lat' dir='ltr'>eccl.</span> <span class='ocrx_word' id='word_1_591' title='bbox 2086 2675 2238 2706; x_wconf 90' lang='lat' dir='ltr'>Briocen.</span> 
     </span>
     <span class='ocr_line' id='line_1_64' title="bbox 644 2731 1251 2773; baseline -0.005 -9"><span class='ocrx_word' id='word_1_592' title='bbox 644 2734 695 2773; x_wconf 88' lang='lat' dir='ltr'>(A.</span> <span class='ocrx_word' id='word_1_593' title='bbox 713 2734 763 2770; x_wconf 84' lang='grc'><strong>12,</strong></span> <span class='ocrx_word' id='word_1_594' title='bbox 780 2732 804 2764; x_wconf 85' lang='lat' dir='ltr'>f.</span> <span class='ocrx_word' id='word_1_595' title='bbox 819 2733 879 2763; x_wconf 83' lang='grc'>220</span> <span class='ocrx_word' id='word_1_596' title='bbox 898 2737 926 2768; x_wconf 77' lang='lat'>³3</span> <span class='ocrx_word' id='word_1_597' title='bbox 949 2732 985 2762; x_wconf 94' lang='lat' dir='ltr'>V.</span> <span class='ocrx_word' id='word_1_598' title='bbox 1003 2733 1055 2769; x_wconf 90' lang='lat'>69,</span> <span class='ocrx_word' id='word_1_599' title='bbox 1072 2740 1125 2771; x_wconf 88' lang='lat' dir='ltr'>ep.</span> <span class='ocrx_word' id='word_1_600' title='bbox 1145 2731 1251 2770; x_wconf 87' lang='grc'><strong>1229.)</strong></span> 
     </span>
    </p>

    <p class='ocr_par' dir='ltr' id='par_1_26' title="bbox 644 2779 2243 2983">
     <span class='ocr_line' id='line_1_65' title="bbox 687 2779 2239 2826; baseline -0.002 -12"><span class='ocrx_word' id='word_1_601' title='bbox 687 2783 800 2815; x_wconf 88' lang='grc'><strong>9367.</strong></span> <span class='ocrx_word' id='word_1_602' title='bbox 819 2804 856 2809; x_wconf 90' lang='grc'>-</span> <span class='ocrx_word' id='word_1_603' title='bbox 876 2785 957 2826; x_wconf 73' lang='lat' dir='ltr'>May.</span> <span class='ocrx_word' id='word_1_604' title='bbox 977 2784 1130 2825; x_wconf 81' lang='lat' dir='ltr'>Gaufrido</span> <span class='ocrx_word' id='word_1_605' title='bbox 1148 2784 1184 2815; x_wconf 83' lang='lat' dir='ltr'>de</span> <span class='ocrx_word' id='word_1_606' title='bbox 1204 2784 1352 2825; x_wconf 75' lang='lat' dir='ltr'>Plexeyo,</span> <span class='ocrx_word' id='word_1_607' title='bbox 1371 2783 1553 2814; x_wconf 77' lang='lat' dir='ltr'>cancellario</span> <span class='ocrx_word' id='word_1_608' title='bbox 1569 2781 1640 2813; x_wconf 87' lang='lat' dir='ltr'>eccl.</span> <span class='ocrx_word' id='word_1_609' title='bbox 1663 2781 1828 2817; x_wconf 55' lang='lat' dir='ltr'>Twonen„</span> <span class='ocrx_word' id='word_1_610' title='bbox 1847 2780 1914 2810; x_wconf 87' lang='grc' dir='ltr'>ΡΡ.</span> <span class='ocrx_word' id='word_1_611' title='bbox 1935 2784 2011 2816; x_wconf 64' lang='lat' dir='ltr'>not„</span> <span class='ocrx_word' id='word_1_612' title='bbox 2030 2788 2121 2811; x_wconf 88' lang='lat' dir='ltr'>conc.</span> <span class='ocrx_word' id='word_1_613' title='bbox 2139 2779 2239 2811; x_wconf 84' lang='lat' dir='ltr'>facul.</span> 
     </span>
     <span class='ocr_line' id='line_1_66' title="bbox 644 2832 2242 2877; baseline -0.004 -7"><span class='ocrx_word' id='word_1_614' title='bbox 644 2839 809 2870; x_wconf 85' lang='lat' dir='ltr'>fundandi</span> <span class='ocrx_word' id='word_1_615' title='bbox 826 2838 861 2869; x_wconf 93' lang='lat' dir='ltr'>in</span> <span class='ocrx_word' id='word_1_616' title='bbox 884 2838 984 2869; x_wconf 89' lang='lat' dir='ltr'>domo</span> <span class='ocrx_word' id='word_1_617' title='bbox 1004 2837 1045 2869; x_wconf 88' lang='lat' dir='ltr'>ab</span> <span class='ocrx_word' id='word_1_618' title='bbox 1071 2838 1146 2877; x_wconf 88' lang='lat' dir='ltr'>ipso</span> <span class='ocrx_word' id='word_1_619' title='bbox 1165 2838 1305 2869; x_wconf 82' lang='lat' dir='ltr'>fundata</span> <span class='ocrx_word' id='word_1_620' title='bbox 1324 2837 1469 2868; x_wconf 87' lang='lat' dir='ltr'>Parisiis</span> <span class='ocrx_word' id='word_1_621' title='bbox 1485 2836 1527 2867; x_wconf 84' lang='lat' dir='ltr'>ad</span> <span class='ocrx_word' id='word_1_622' title='bbox 1545 2844 1645 2867; x_wconf 87' lang='lat' dir='ltr'>usum</span> <span class='ocrx_word' id='word_1_623' title='bbox 1662 2834 1844 2865; x_wconf 84' lang='lat' dir='ltr'>scolarium</span> <span class='ocrx_word' id='word_1_624' title='bbox 1860 2833 1895 2864; x_wconf 89' lang='lat' dir='ltr'>in</span> <span class='ocrx_word' id='word_1_625' title='bbox 1911 2832 2052 2869; x_wconf 84' lang='lat' dir='ltr'>artibus,</span> <span class='ocrx_word' id='word_1_626' title='bbox 2072 2833 2098 2872; x_wconf 91' lang='lat' dir='ltr'>j.</span> <span class='ocrx_word' id='word_1_627' title='bbox 2122 2841 2193 2863; x_wconf 86' lang='lat' dir='ltr'>can.</span> <span class='ocrx_word' id='word_1_628' title='bbox 2210 2834 2242 2864; x_wconf 88' lang='lat' dir='ltr'>et</span> 
     </span>
     <span class='ocr_line' id='line_1_67' title="bbox 644 2885 2243 2931; baseline -0.005 -8"><span class='ocrx_word' id='word_1_629' title='bbox 644 2892 744 2924; x_wconf 85' lang='lat' dir='ltr'>theol.</span> <span class='ocrx_word' id='word_1_630' title='bbox 764 2891 986 2928; x_wconf 86' lang='lat' dir='ltr'>studentium,</span> <span class='ocrx_word' id='word_1_631' title='bbox 1003 2891 1186 2931; x_wconf 85' lang='lat' dir='ltr'>quamdam</span> <span class='ocrx_word' id='word_1_632' title='bbox 1198 2891 1365 2930; x_wconf 84' lang='lat' dir='ltr'>capellam</span> <span class='ocrx_word' id='word_1_633' title='bbox 1380 2890 1443 2920; x_wconf 87' lang='lat' dir='ltr'>sub</span> <span class='ocrx_word' id='word_1_634' title='bbox 1459 2890 1497 2920; x_wconf 94' lang='lat' dir='ltr'>B.</span> <span class='ocrx_word' id='word_1_635' title='bbox 1513 2888 1557 2920; x_wconf 93' lang='grc' dir='ltr'>Μ.</span> <span class='ocrx_word' id='word_1_636' title='bbox 1577 2888 1618 2919; x_wconf 92' lang='lat' dir='ltr'>V.</span> <span class='ocrx_word' id='word_1_637' title='bbox 1634 2885 1809 2922; x_wconf 87' lang='lat' dir='ltr'>vocabulo,</span> <span class='ocrx_word' id='word_1_638' title='bbox 1825 2887 1857 2916; x_wconf 90' lang='lat' dir='ltr'>et</span> <span class='ocrx_word' id='word_1_639' title='bbox 1872 2885 2055 2916; x_wconf 84' lang='lat' dir='ltr'>oratorium</span> <span class='ocrx_word' id='word_1_640' title='bbox 2070 2885 2105 2915; x_wconf 91' lang='lat' dir='ltr'>in</span> <span class='ocrx_word' id='word_1_641' title='bbox 2116 2885 2243 2916; x_wconf 90' lang='lat' dir='ltr'>honore</span> 
     </span>
     <span class='ocr_line' id='line_1_68' title="bbox 646 2937 2243 2983; baseline -0.004 -8"><span class='ocrx_word' id='word_1_642' title='bbox 646 2945 677 2975; x_wconf 88' lang='lat' dir='ltr'>b.</span> <span class='ocrx_word' id='word_1_643' title='bbox 695 2945 833 2976; x_wconf 77' lang='lat' dir='ltr'>Martini</span> <span class='ocrx_word' id='word_1_644' title='bbox 848 2944 1067 2982; x_wconf 68' lang='lat' dir='ltr'>confessoris„</span> <span class='ocrx_word' id='word_1_645' title='bbox 1079 2944 1160 2976; x_wconf 89' lang='lat' dir='ltr'>etin</span> <span class='ocrx_word' id='word_1_646' title='bbox 1173 2943 1303 2983; x_wconf 91' lang='lat' dir='ltr'>capella</span> <span class='ocrx_word' id='word_1_647' title='bbox 1318 2943 1405 2974; x_wconf 88' lang='lat' dir='ltr'>duas</span> <span class='ocrx_word' id='word_1_648' title='bbox 1420 2951 1457 2973; x_wconf 90' lang='lat' dir='ltr'>ac</span> <span class='ocrx_word' id='word_1_649' title='bbox 1471 2942 1506 2972; x_wconf 92' lang='lat' dir='ltr'>in</span> <span class='ocrx_word' id='word_1_650' title='bbox 1522 2940 1668 2972; x_wconf 87' lang='lat' dir='ltr'>oratorio</span> <span class='ocrx_word' id='word_1_651' title='bbox 1680 2947 1781 2970; x_wconf 87' lang='lat' dir='ltr'>unam</span> <span class='ocrx_word' id='word_1_652' title='bbox 1797 2938 1915 2977; x_wconf 89' lang='lat' dir='ltr'>capell.</span> <span class='ocrx_word' id='word_1_653' title='bbox 1932 2946 2026 2977; x_wconf 88' lang='lat' dir='ltr'>perp.</span> <span class='ocrx_word' id='word_1_654' title='bbox 2043 2937 2243 2969; x_wconf 88' lang='lat' dir='ltr'>instituendi</span> 
     </span>
    </p>
   </div>
   <div class='ocr_carea' id='block_1_18' title="bbox 358 2990 2104 3026">
    <p class='ocr_par' dir='ltr' id='par_1_27' title="bbox 358 2990 2104 3026">
     <span class='ocr_line' id='line_1_69' title="bbox 358 2990 2104 3026; baseline -0.005 0"><span class='ocrx_word' id='word_1_655' title='bbox 358 2998 502 3026; x_wconf 85' lang='lat' dir='ltr'>JOANNIS</span> <span class='ocrx_word' id='word_1_656' title='bbox 523 2997 606 3025; x_wconf 88' lang='lat' dir='ltr'>XXII.</span> <span class='ocrx_word' id='word_1_657' title='bbox 628 3013 661 3017; x_wconf 96' lang='lat'>—</span> <span class='ocrx_word' id='word_1_658' title='bbox 679 2997 710 3024; x_wconf 89' lang='lat' dir='ltr'>T.</span> <span class='ocrx_word' id='word_1_659' title='bbox 733 2997 769 3025; x_wconf 90' lang='lat'>11.</span> <span class='ocrx_word' id='word_1_660' title='bbox 2070 2990 2104 3018; x_wconf 81' lang='lat'>48</span> 
     </span>
    </p>
   </div>
  </div>
 </body>
</html>
