2592 3562
409 354 451 388 58

437 447 541 475 Datum
575 444 758 477 Avenione.

451 818 464 845 Ι
484 818 644 854 (kal.)jan.
662 819 749 847 1318.

524 864 553 890 T.
576 863 670 890 xxvi.

563 1246 598 1273 L't
614 1255 637 1273 s.

563 2481 598 2508 Ut
613 2489 637 2507 s.

508 2525 539 2552 T.
557 2526 602 2558 xl,
624 2525 694 2551 XIII.

562 2749 598 2776 Ut
617 2757 639 2775 s.

498 2795 528 2821 T.
548 2794 618 2827 XIV,
633 2793 705 2820 XVI.

815 358 989 391 JOANNIS
1014 356 1131 391 PAVAE
1154 360 1254 391 XXII.
1279 360 1527 402 (1316-1834).
1551 379 1588 384 —
1611 360 1800 391 LITTERAE
1823 359 2048 391 COMMUNES

841 552 953 583 eumd.
973 553 1155 592 Georgium
1182 553 1328 593 privavit
1355 553 1500 593 injuste;
1518 553 1618 593 capit.
1641 552 1772 583 fructus
1789 561 1906 583 canon.
1927 554 1960 584 et
1976 552 2079 593 praeb.
2099 553 2140 585 de
2158 553 2307 585 Massam
2320 553 2446 586 Ebora·

842 613 912 636 cen.
933 605 1014 636 eccl.
1030 606 1094 636 eid.
1111 606 1257 646 Georgio
1275 608 1553 646 sequestrarunt;
1571 614 1657 644 mag.
1674 604 1846 637 Robertus
1857 605 1898 637 ad
1915 605 2115 638 decanatum
2132 606 2240 646 ejusd.
2258 606 2444 639 Eboracen.

842 658 922 689 eccl.
941 668 1039 699 quem
1058 659 1103 689 id.
1122 659 1290 699 Georgius
1316 659 1490 690 obtinebat
1508 660 1625 690 contra
1639 658 1809 697 justitiam
1827 658 1954 690 electus
1971 659 2047 694 fuit,
2066 660 2099 691 et
2114 659 2290 692 Gilbertus
2307 659 2446 700 praedic-

842 713 897 742 tus
912 712 945 742 in
962 712 1096 752 paroch.
1115 713 1194 743 eccl.
1214 713 1254 743 de
1271 712 1495 743 Wilmerslea
1505 711 1689 743 Eboracen.
1706 711 1766 748 di.,
1785 712 1881 752 quus
1899 712 1945 743 id.
1960 712 2130 754 Georgius
2145 712 2444 749 rectorexistebat,

843 765 1018 797 institutus
1036 766 1110 796 fuit.
1135 766 1188 805 (A.
1208 767 1278 802 115,
1293 766 1315 797 f.
1332 766 1390 796 224
1406 771 1437 802 ³;
1459 765 1494 795 V.
1511 767 1561 801 67,
1580 773 1632 804 ep.
1650 766 1735 803 377.)

887 815 999 847 6139-
1015 837 1052 840 -
1081 818 1170 848 Eisd.
1193 819 1306 849 mand.
1325 820 1361 849 ut
1386 818 1490 849 citent
1504 817 1723 848 Willelmum
1742 818 1951 858 archiep.um
1973 818 2173 856 Eboracen„
2189 819 2390 851 Michaelem
2405 819 2447 851 de

843 872 1001 908 Meldon.‚
1027 872 1211 903 Heni-icum
1232 872 1271 902 de
1298 871 1520 911 Leychestria
1536 872 1568 902 et
1589 870 1773 902 Ricardum
1792 871 1834 903 de
1853 872 1899 902 W
1902 871 2026 909 altone,
2045 872 2125 904 cler.
2144 872 2352 908 Norwicen„
2368 872 2448 904 Lin-

843 925 986 956 colnien.
1008 927 1040 956 et
1067 925 1280 964 wigornien.
1297 924 1356 961 di.,
1376 926 1412 955 ut
1437 924 1527 955 infra
1545 934 1566 953 11
1587 932 1722 955 menses
1745 927 1964 964 compareant
1979 933 2092 956 coram
2108 925 2263 957 auditore
2283 925 2447 966 jamdicto

843 980 1034 1018 processuri
1050 979 1083 1009 in
1100 978 1212 1009 causis
1229 977 1441 1009 vertentibus
1458 978 1547 1009 inter
1558 978 1654 1017 ipsos
1670 978 1703 1008 et
1717 977 1932 1009 Bonisacium
1949 978 1989 1009 de
2005 978 2147 1010 Salutiis
2157 979 2225 1010 ΡΡ.
2240 987 2325 1019 σεεμ,
2345 987 2448 1019 quem

843 1032 953 1063 dictus
974 1032 1165 1071 archiep.us
1193 1031 1352 1062 omnibus
1378 1030 1489 1062 benef.
1516 1031 1690 1071 spoliavit,
1721 1031 1882 1071 praefatos
1909 1031 2109 1065 Michaelem
2129 1032 2171 1063 ad
2197 1032 2239 1063 de
2256 1031 2446 1070 emesam,

843 1085 1026 1116 Henricum
1052 1085 1093 1115 ad
1119 1085 1158 1115 de
1175 1083 1383 1121 Almember‚
1400 1086 1432 1115 et
1448 1084 1632 1116 Ricardum
1653 1084 1695 1115 ad
1709 1084 1749 1115 de
1765 1085 1994 1125 Penygstone,
2012 1084 2148 1125 paroch.
2165 1085 2246 1117 eccl.
2261 1084 2446 1117 Eboracen.

843 1139 904 1176 di„
915 1147 1000 1178 quas
1018 1138 1128 1169 dictus
1144 1137 1340 1169 Bonifacius
1352 1146 1393 1168 ex
1411 1138 1563 1177 dispens.
1581 1139 1690 1178 apost.
1701 1137 1849 1175 tenebat,
1861 1139 2084 1178 praesentatos
2095 1139 2292 1171 instituens.
2309 1138 2363 1179 (A.
2375 1139 2446 1177 us,

844 1193 866 1223 f.
881 1194 940 1223 224
958 1192 992 1228 ¹‘;
1020 1191 1050 1223 V.
1066 1194 1117 1229 67,
1134 1201 1184 1232 ep.
1204 1191 1290 1230 378.)

888 1242 998 1274 6140.
1016 1264 1052 1268 —
1071 1244 1200 1277 Geraldo
1214 1244 1362 1276 Ademari
1377 1251 1406 1275 et
1420 1246 1536 1276 ,Ioanni
1557 1245 1594 1276 de
1609 1245 1826 1283 Labaealaria,
1845 1255 1914 1275 can.
1932 1245 2067 1276 Butken.
2084 1245 2254 1286 Exposuit
2281 1245 2448 1286 Rogerius

844 1300 883 1331 de
907 1299 1108 1330 Armaniaco
1135 1299 1214 1331 cler.
1244 1299 1324 1330 eccl.
1350 1299 1512 1331 Auxitan.
1531 1300 1620 1339 quod
1644 1299 1726 1330 olim
1747 1299 1836 1331 inter
1857 1298 2068 1339 archiep.um
2083 1299 2117 1330 et
2137 1299 2242 1339 capit.
2270 1298 2447 1336 Auxitan.‚

843 1353 932 1390 abb,
950 1362 1044 1384 conV.
1074 1354 1219 1384 monast.
1243 1353 1283 1384 de
1313 1353 1465 1384 Pessano
1483 1353 1522 1385 Ο.
1543 1353 1578 1385 S.
1594 1354 1631 1384 B.
1650 1355 1683 1384 et
1709 1352 1785 1384 abb.
1811 1354 1843 1384 et
1859 1352 1961 1392 capit.
1980 1352 2095 1384 saecul.
2112 1352 2194 1384 eccl.
2212 1352 2394 1393 de'Fageto
2410 1360 2450 1384 ac

844 1407 996 1438 ordinem
1014 1406 1110 1438 Fidei
1127 1407 1158 1437 et
1174 1406 1274 1437 Pacis
1293 1406 1352 1446 qui
1376 1407 1458 1438 ordo
1476 1407 1586 1446 Spatae
1604 1406 1791 1446 vulgariter
1808 1406 2013 1446 appellatur,
2034 1405 2198 1438 Auxitan.
2216 1405 2277 1443 di„
2297 1414 2339 1437 ex
2353 1406 2449 1446 parte

843 1469 920 1497 una,
943 1462 975 1491 et
986 1460 1110 1499 quond.
1129 1460 1310 1491 Centulum
1325 1459 1484 1491 comitem
1501 1460 1671 1491 Astariaci
1686 1460 1784 1491 dictae
1801 1459 1862 1496 di„
1879 1468 1922 1491 ex
1936 1459 2056 1497 altera,
2070 1468 2173 1499 super
2186 1459 2361 1491 nonnullis
2374 1467 2449 1491 cas-

842 1514 906 1544 tris
920 1517 951 1544 et
969 1514 1048 1544 aliis
1071 1514 1169 1544 bonis
1187 1514 1228 1544 ad
1247 1513 1411 1545 Auxitan.
1428 1515 1460 1545 et
1473 1513 1669 1553 praedictam
1686 1513 1727 1544 de
1744 1514 1871 1553 Fageto
1888 1513 1984 1550 eccl„
2002 1521 2131 1544 necnon
2146 1513 2293 1544 monast.
2309 1513 2343 1544 et
2360 1511 2449 1544 ordi-

843 1577 919 1599 nem
936 1567 1096 1607 praedicta
1116 1566 1362 1606 spectantibus,
1382 1567 1419 1597 in
1436 1566 1560 1607 quibus
1582 1566 1628 1598 id.
1644 1576 1757 1598 comes
1783 1575 1819 1598 se
1832 1567 1890 1606 jus
1904 1566 2028 1598 habere
2043 1566 2253 1598 mendaciter
2266 1565 2450 1606 praetende-

843 1621 910 1657 bat,
923 1621 1063 1652 materia
1076 1620 1266 1660 questionis
1276 1620 1386 1651 fuerat
1397 1622 1525 1652 exorta.
1536 1621 1685 1651 Tandem
1698 1621 1811 1660 partes
1825 1621 1908 1660 ipsae
1923 1620 2156 1660 promiserunt
2169 1620 2259 1660 quod
2269 1614 2463 1651 arbitrium¹

843 1675 932 1714 quod
952 1684 1049 1714 ep.us
1075 1674 1295 1705 Condomien.
1313 1675 1393 1705 tunc
1408 1674 1513 1705 abbas
1530 1674 1654 1714 quond.
1674 1675 1819 1706 monast.
1839 1674 1947 1714 ejusd.
1965 1674 2042 1709 loci,
2063 1675 2101 1705 O.
2121 1673 2154 1705 S.
2171 1674 2224 1711 B.‚
2239 1674 2320 1704 tunc
2336 1673 2448 1714 Agen-

844 1737 919 1759 nen.
937 1728 996 1765 di„
1009 1737 1046 1759 ac
1065 1728 1187 1768 quond.
1202 1728 1297 1759 Oddo
1313 1727 1353 1759 de
1369 1727 1564 1765 Leomania,
1583 1728 1684 1759 miles
1700 1728 1798 1758 dictae
1815 1727 1862 1758 di.
1876 1728 2065 1767 Agennen„
2082 1728 2120 1758 ut
2134 1726 2359 1758 arbitratores
2374 1734 2452 1767 pro·

843 1782 995 1819 tulerint,
1020 1783 1205 1818 servarent,
1225 1781 1289 1812 sub
1317 1781 1619 1821 promissionibus,
1640 1781 1761 1821 pactis,
1786 1781 1894 1820 poenis
1914 1782 1946 1811 et
1972 1780 2198 1820 quorumdam
2221 1779 2388 1812 bonorum
2402 1779 2450 1820 pi·

843 1845 958 1875 gnore.
972 1836 1148 1872 Quoddam
1159 1835 1338 1866 arbitrium
1356 1835 1543 1874 supradicti
1556 1834 1777 1866 arbitratores
1790 1834 2005 1874 protulerunt
2018 1836 2051 1865 et
2065 1834 2145 1865 licet
2159 1834 2271 1874 quoad
2285 1833 2451 1865 nonnulla

844 1890 992 1929 capitula
1011 1890 1081 1920 fore
1109 1889 1253 1926 nullum,
1272 1890 1305 1920 et
1323 1889 1434 1929 quoad
1452 1889 1520 1920 alia
1538 1889 1571 1919 in
1588 1889 1823 1922 ecclesiarum,
1843 1890 1987 1919 monast.
2006 1890 2040 1919 et
2056 1888 2127 1919 ord.
2145 1887 2387 1927 praedictorum
2403 1886 2450 1918 le-

845 1944 975 1974 sionem
1004 1943 1192 1974 redundare
1216 1944 1414 1973 nosceretur
1441 1951 1626 1978 enormem,
1646 1944 1762 1973 tamen
1779 1941 1955 1981 litigantes
1972 1943 2066 1972 metu
2089 1949 2264 1980 poenarum
2281 1940 2368 1972 nihil
2388 1947 2450 1980 per

845 2006 880 2028 se
895 2005 1064 2036 opponere
1092 1998 1208 2027 contra
1235 1996 1320 2026 illud
1339 1995 1520 2027 audebant.
1537 1996 1602 2027 Sed
1618 1995 1818 2027 Bonifacius
1835 1995 1901 2026 ΡΡ.
1921 1995 2002 2026 VIII
2018 1996 2098 2026 tunc
2115 1994 2230 2025 abbati
2246 1995 2392 2025 monast.
2409 1993 2450 2025 de

845 2059 871 2080 s.
888 2050 1062 2081 Fremerio
1080 2050 1251 2080 mandavit
1268 2051 1303 2080 ut
1320 2049 1448 2080 dictum
1463 2049 1642 2080 arbitrium
1660 2049 1770 2089 quoad
1788 2058 1827 2080 ea
1845 2049 1878 2079 in
1896 2048 2021 2088 quibus
2034 2048 2167 2079 nullum
2183 2040 2291 2079 fuisse
2306 2046 2339 2079 ei
2354 2055 2450 2078 cons·

844 2106 943 2141 taret,
967 2104 1181 2135 denuntiaret
1201 2104 1336 2142 penitus
1363 2112 1431 2134 non
1447 2104 1575 2140 tenere,
1593 2102 1704 2142 quoad
1729 2102 1797 2134 alia
1815 2111 1892 2134 vero
1909 2111 1952 2133 ex
1969 2101 2095 2142 quibus
2110 2101 2284 2138 ecclesias,
2299 2100 2447 2132 monast.

846 2160 876 2189 et
892 2158 1051 2197 praedicta
1069 2166 1143 2188 esse
1161 2157 1233 2188 lesa
1258 2157 1436 2196 reperiret,
1453 2157 1540 2196 ipsis
1568 2157 1602 2187 in
1620 2157 1790 2196 integrum
1818 2156 2002 2192 restitutis,
2030 2155 2119 2195 quod
2140 2155 2272 2195 justum
2288 2155 2379 2186 esset
2392 2153 2451 2185 de·
2503 2153 2505 2155 ’

845 2212 1008 2245 cerneret,
1030 2211 1234 2250 faceretque,
1264 2211 1492 2250 appellatione
1515 2211 1656 2248 remota,
1676 2210 1820 2241 firmiter
1842 2209 2029 2241 observari.
2047 2209 2089 2240 Et
2107 2208 2187 2240 licet
2203 2207 2314 2239 dictus
2332 2206 2449 2245 abbas,

846 2265 924 2295 aliis
940 2264 1085 2304 negotiis
1112 2266 1305 2303 occupatus,
1325 2264 1497 2304 praedictis
1512 2273 1585 2295 can.
1603 2263 1695 2294 vices
1713 2272 1795 2294 suas
1811 2263 2054 2299 commisisset,
2074 2262 2144 2299 isti,
2164 2261 2321 2307 quamvis
2336 2269 2451 2292 coram

849 2318 914 2349 PP.
933 2318 1032 2358 longo
1047 2318 1168 2348 fuisset
1185 2320 1336 2357 tempore
1355 2318 1537 2358 litigatum,
1555 2318 1680 2348 nedum
1693 2319 1807 2348 tamen
1826 2325 1967 2347 causam
1981 2316 2046 2347 fine
2063 2315 2175 2347 debito
2194 2314 2378 2346 terminare
2395 2323 2451 2346 cu-

847 2373 1018 2402 raverunt.
1037 2371 1147 2408 Quare
1171 2371 1238 2402 ΡΡ.
1261 2372 1400 2402 mandat
1424 2371 1474 2402 eis
1492 2373 1528 2402 ut
1543 2379 1681 2402 causam
1709 2370 1905 2410 hujusmodi
1923 2370 1991 2401 fine
2018 2369 2132 2400 debito
2148 2368 2340 2406 terminent,
2360 2367 2451 2408 quod

793 2447 796 2448 γ
844 2426 974 2465 justum
992 2425 1094 2457 fuerit
1109 2426 1290 2456 decernant
1308 2427 1340 2456 et
1356 2425 1481 2456 faciant
1497 2425 1683 2456 observari.
1701 2425 1757 2464 (A.
1774 2425 1804 2460 8,
1821 2424 1844 2455 f.
1862 2424 1922 2455 350
1936 2423 1968 2460 b;
1989 2423 2024 2454 V.
2040 2425 2091 2458 67,
2111 2431 2164 2462 ep.
2178 2422 2264 2461 528.)

892 2475 1003 2507 6141.
1022 2497 1060 2501 —
1078 2478 1239 2509 Guillelmo
1264 2478 1300 2508 de
1325 2478 1486 2519 Moraqiis,
1515 2487 1595 2508 mon.
1613 2482 1744 2509 monast.
1766 2477 1922 2514 Electan„
1949 2475 1984 2507 O.
2005 2476 2041 2507 S.
2059 2476 2112 2513 B.‚
2130 2474 2308 2505 Narbonem.
2338 2474 2398 2511 del,
2413 2474 2451 2507 fit

847 2533 956 2572 gratia
973 2541 1069 2571 exsp.
1086 2533 1257 2571 prioratus
1284 2541 1344 2562 seu
1360 2532 1428 2569 off,
1445 2532 1498 2563 vel
1517 2532 1711 2563 administr.
1736 2540 1764 2562 c.
1783 2540 1811 2562 c.
1829 2531 1883 2562 vel
1898 2539 1925 2562 S.
1947 2539 1974 2561 c.
1993 2530 2117 2570 pertin.
2138 2528 2310 2560 adcollat.
2327 2527 2404 2560 abb.
2419 2529 2452 2560 et

847 2595 941 2617 conv.
961 2585 1042 2616 dicti
1058 2587 1204 2616 monast.
1223 2587 1294 2624 (200
1308 2585 1367 2616 lib.
1382 2588 1475 2624 tun),
1495 2585 1624 2616 consid.
1646 2585 1679 2616 b.
1699 2594 1745 2615 m.
1762 2584 1904 2616 Arnaldi
1924 2593 1951 2615 s.
1974 2583 2102 2614 Priscae
2124 2582 2238 2622 presb.
2254 2581 2345 2613 card.
2366 2600 2405 2605 —
2421 2581 2449 2613 1.

847 2648 876 2671 e.
894 2648 939 2670 m.
957 2638 1032 2670 abb.
1052 2640 1197 2670 monast.
1216 2639 1426 2679 Villaelongae
1448 2639 1691 2670 Carcassonen.
1709 2639 1769 2675 di.,
1787 2639 1820 2669 et
1839 2637 1970 2669 archid.
1991 2636 2188 2676 Salopsiriae
2213 2635 2450 2672 Hereforden„
2480 2647 2482 2650 ’

848 2702 886 2724 ac
902 2692 1053 2724 sacristae
1070 2693 1313 2723 Carcassonen.
1333 2693 1412 2723 eccl.
1431 2692 1482 2730 (A.
1499 2694 1529 2730 8,
1547 2693 1569 2723 f.
1589 2694 1647 2724 373
1663 2692 1698 2729 ¹³5
1723 2692 1759 2723 V.
1774 2693 1825 2727 67,
1843 2700 1896 2731 ep.
1911 2690 2001 2729 625.)

892 2742 1001 2775 6142.
1022 2763 1059 2767 —
1075 2745 1243 2775 Abbatissae
1256 2750 1283 2775 ec
1302 2755 1386 2775 conv.
1403 2751 1533 2776 monast.
1555 2746 1591 2776 de
1607 2756 1631 2776 s.
1652 2745 1800 2783 Caesario,
1819 2744 1854 2776 0.
1870 2743 1906 2775 S.
1926 2744 1979 2781 B.‚
1995 2743 2152 2774 Arelaten.
2167 2742 2224 2780 di„
2244 2751 2339 2774 conc.
2358 2743 2395 2774 ut
2409 2742 2452 2774 de

848 2799 1018 2831 Albarano
1035 2801 1067 2830 et
1090 2799 1130 2830 de
1152 2799 1351 2830 Pulcroloco
1372 2799 1595 2839 parochiales,
1613 2808 1651 2831 ac
1668 2808 1695 2830 s.
1715 2798 1855 2830 Caesarii
1873 2799 1906 2830 et
1923 2807 1951 2828 s.
1968 2797 2119 2829 Simonis
2132 2797 2173 2828 de
2196 2796 2359 2836 Brigonia
2372 2804 2401 2828 S.
2418 2803 2450 2827 c.

848 2853 927 2885 eccl.
946 2853 1117 2884 Arelaten.
1145 2853 1177 2883 et
1195 2853 1326 2891 Aquen.
1346 2852 1522 2884 civitatum
1539 2855 1572 2884 et
1588 2853 1648 2890 di.,
1666 2853 1708 2884 ad
1723 2852 1831 2892 ejusd.
1850 2851 2032 2882 abbatissae
2049 2850 2160 2882 collat.
2179 2851 2297 2890 spect„
2316 2849 2352 2880 in
2366 2857 2451 2880 usus

847 2906 1003 2946 proprios
1016 2907 1212 2937 convertere
1230 2906 1374 2945 possint,
1391 2915 1467 2936 cum
1486 2906 1663 2938 facultates
1680 2915 1798 2937 eorum
1815 2905 1898 2936 adeo
1916 2904 1984 2935 sint
2001 2906 2120 2935 tenues
2134 2903 2224 2943 quod
2237 2912 2303 2934 non
2317 2902 2452 2943 possint

847 2969 889 2992 ex
906 2959 956 2991 eis
985 2968 1130 2999 congrue
1158 2959 1354 2991 sustentari.
1374 2977 1410 2981 —
1425 2959 1451 2989 Ι.
1470 2968 1498 2990 e.
1517 2968 1562 2990 m.
1583 2959 1755 2999 archiep.o
1774 2958 1960 2995 Arelatem,
1980 2959 2012 2989 et
2039 2966 2115 2997 ep.o
2140 2957 2336 2997 Vapincen.,
2350 2957 2384 2987 et
2399 2964 2452 2987 ar-

847 3013 935 3045 chid.
952 3013 1032 3044 eccl.
1049 3013 1221 3044 Arelaten.
1241 3013 1293 3053 (A.
1310 3013 1340 3050 8,
1360 3012 1382 3044 f.
1401 3014 1462 3044 440
1476 3018 1506 3049 ³3
1529 3012 1560 3043 V.
1578 3015 1629 3048 67,
1650 3022 1702 3053 ep.
1719 3012 1808 3052 840.)
