2592 3562
276 411 387 438 'Datum
407 406 591 439 Avenione.

251 617 272 645 4
291 617 325 653 (11
343 616 425 653 non.)
442 619 512 652 sept.
533 615 621 644 1318.

392 881 427 909 Ut
458 889 481 908 s.

401 1094 434 1122 Ut
452 1102 476 1121 s.

394 1253 430 1281 Ut
446 1262 469 1280 s.

389 1360 425 1388 Ut
452 1369 475 1388 s.

393 1626 429 1654 Ut
444 1634 467 1654 s.

395 2053 431 2080 Ut
448 2061 471 2081 s.

313 2216 396 2244 Anno
415 2217 551 2246 secundm

675 319 849 350 JOANNIS
873 319 991 349 PAPAE
1013 319 1116 349 XXII.
1140 319 1390 359 (1318-1334).
1415 336 1453 342 —
1475 319 1662 349 LITTERAE
1684 319 1736 350 DE
1758 320 1882 351 CURIA
2219 328 2278 358 27¹

681 508 844 545 bannitis,
870 509 908 539 ut
929 508 1084 539 eamdem
1102 507 1312 547 provinciam
1332 515 1393 547 per
1417 507 1650 558 dissensiones
1678 509 1711 538 et
1737 516 1938 547 guerrarum
1966 512 2211 543 commotiones
2240 514 2282 544 ad

681 562 762 594 eccl.
779 562 879 593 Rom.
897 561 1059 592 fidelitate
1076 560 1275 592 subvertere
1291 560 1436 600 possint.
1454 559 1506 598 (A.
1524 561 1574 598 10,
1591 560 1615 591 f.
1632 561 1692 591 481
1709 560 1739 596 b3
1762 560 1798 591 V.
1816 563 1867 598 67,
1886 570 1938 601 ep.
1959 563 2015 593 183
2031 563 2068 593 de
2085 564 2164 604 cur.)

725 611 837 644 8349.
854 631 893 637 —
910 613 1001 644 Eisd.
1019 614 1132 645 mand.
1148 616 1186 644 ut
1201 614 1244 644 ad
1259 613 1510 644 restitutionem
1527 613 1734 653 compellant
1749 613 1944 645 detentores
1962 615 2152 653 domorum,
2167 618 2282 650 vinea·

681 677 768 705 rum,
783 669 952 699 terrarum
970 676 1008 698 ac
1025 667 1171 698 aliorum
1185 666 1353 698 bonorum
1376 666 1556 698 mobilium
1572 668 1605 698 et
1626 666 1858 698 immobilium
1876 667 1966 698 infra
1981 668 2073 699 civit.
2089 670 2280 702 Ferrarien.

680 723 712 753 et
729 721 802 761 eJus
827 721 1034 758 districtum,
1053 720 1095 751 ad
1111 720 1192 751 eccl.
1209 721 1309 752 Rom.
1330 720 1568 760 spectantium,
1587 721 1619 750 et
1638 720 1718 750 dum
1735 720 1817 751 olim
1840 720 2006 759 populum
2030 722 2220 754 Ferrarien.
2241 724 2283 755 ab

680 775 891 811 officialium,
907 774 966 814 qui
979 782 1040 814 pro
1058 773 1222 805 Pontifice
1238 774 1404 813 praeerant
1421 773 1532 813 ipsius
1545 773 1716 813 regimini,
1733 773 1925 805 obedientia
1941 774 2110 806 declinare
2126 777 2283 816 contigis-

681 829 745 864 set,
759 829 1010 866 occupatorum.
1027 827 1080 867 (A.
1099 827 1149 863 10,
1167 826 1190 858 f.
1207 828 1267 858 513
1282 826 1296 847 ¹³
1306 835 1315 863 ;
1339 825 1372 856 V.
1389 827 1440 863 67,
1457 834 1509 865 ep.
1529 827 1585 857 201
1605 825 1642 856 de
1658 829 1740 866 cur.)

724 877 836 909 8350.
854 897 895 902 -
919 880 1012 911 Eisd.
1030 880 1144 911 mand.
1162 888 1223 919 pro
1241 879 1457 910 restitutione
1478 878 1645 910 bonorum
1664 888 1726 919 per
1747 879 1839 910 cives
1856 880 2049 911 Ferrarien.
2069 881 2109 912 de
2130 882 2283 921 tempore

679 933 847 973 praedictae
869 933 1108 965 declinationis
1133 932 1324 964 ablatorum
1339 932 1575 971 stipendiariis
1596 933 1636 963 E.
1653 933 1694 964 R.
1712 934 1783 963 tam
1808 932 1982 964 nobilibus
2000 942 2102 973 quam
2122 934 2201 965 aliis
2224 936 2283 975 qui

680 996 756 1018 cum
780 995 898 1018 eorum
914 986 1058 1018 familiis
1076 986 1244 1018 Ferrariae
1260 985 1492 1023 morabantur,
1518 987 1550 1016 et
1568 994 1655 1025 quos
1672 986 1713 1017 de
1730 985 1889 1017 manibus
1905 986 2090 1026 impiorum
2106 988 2283 1020 miseratio

680 1040 797 1071 divina
811 1040 971 1080 protexit.
989 1040 1043 1081 (A.
1061 1041 1110 1076 10,
1128 1039 1150 1071 1’.
1169 1041 1228 1071 514
1245 1044 1275 1075 3;
1300 1038 1331 1069 V.
1347 1040 1397 1076 67,
1416 1047 1470 1078 ep.
1488 1040 1548 1070 202
1563 1038 1600 1069 de
1617 1041 1697 1078 cur.)

725 1091 837 1123 8351.
855 1112 894 1116 —
910 1093 1002 1124 Eisd.
1017 1093 1132 1124 mand.
1148 1101 1209 1132 pro
1226 1092 1422 1124 reductione
1444 1092 1644 1123 officialium
1660 1094 1693 1124 et
1711 1092 2025 1132 stipendiariorum,
2042 1094 2114 1125 tam
2128 1094 2282 1134 peditum

680 1155 782 1187 quam
800 1147 966 1187 equitum,
989 1147 1032 1178 ad
1047 1147 1294 1185 competentem
1317 1154 1509 1182 numerum,
1528 1146 1586 1185 qui
1603 1154 1665 1185 pro
1689 1146 1854 1186 regimine
1870 1146 2019 1178 civitatis
2040 1147 2231 1179 Ferrarien.
2250 1150 2284 1180 et

679 1200 855 1231 districtus
875 1200 986 1240 ipsius
1005 1200 1161 1231 sufficere
1175 1199 1298 1230 valeat.
1320 1199 1371 1237 (A.
1390 1199 1440 1235 10,
1460 1199 1483 1229 f.
1497 1200 1557 1230 514
1571 1198 1605 1235 ¹³3
1629 1199 1665 1230 V.
1679 1201 1730 1234 67,
1749 1208 1801 1238 ep.
1818 1201 1878 1230 203
1890 1200 1920 1230 A
1937 1199 1973 1230 de
1991 1200 2071 1239 cur.)

725 1251 836 1282 8352.
849 1271 887 1276 —-
897 1253 990 1284 Eisd.
1005 1253 1118 1285 mand.
1134 1254 1172 1284 ut
1184 1253 1324 1284 visitent
1336 1252 1429 1283 civit.
1445 1254 1477 1283 et
1488 1252 1563 1283 loca
1577 1252 1760 1291 provinciae
1773 1253 2007 1284 Romandiolae
2021 1262 2199 1294 quousque
2214 1255 2283 1294 ipsi

680 1307 783 1338 fuerit
800 1307 840 1338 de
856 1309 985 1338 rectore
1001 1306 1190 1347 provisum.
1206 1306 1259 1346 (A.
1277 1307 1326 1343 10,
1343 1305 1366 1337 f.
1386 1307 1446 1337 515
1463 1310 1491 1343 ²3
1515 1305 1550 1336 V.
1569 1307 1620 1342 67,
1638 1314 1691 1345 ep.
1706 1307 1765 1337 203
1783 1306 1807 1337 C
1824 1305 1861 1336 de
1880 1306 1961 1344 cur.)

724 1357 836 1389 8353.
854 1377 891 1382 -—
907 1359 999 1391 E'isd.
1018 1359 1132 1390 mand.
1149 1368 1210 1399 pro
1225 1359 1433 1390 correctione
1449 1359 1482 1390 et
1498 1358 1740 1390 reformatione
1756 1359 2037 1391 constitutionum
2052 1360 2124 1392 sive
2142 1362 2281 1393 statuto-

680 1422 755 1444 rum
771 1415 841 1444 tam
857 1422 917 1453 per
935 1413 1017 1444 olim
1032 1413 1245 1444 marchiones
1257 1413 1387 1451 Esten.,
1404 1421 1506 1452 quam
1517 1412 1734 1451 postmodum
1749 1421 1809 1451 per
1825 1412 1989 1444 officiales
1999 1413 2039 1444 A.
2055 1413 2101 1450 S„
2118 1423 2179 1454 pro
2190 1416 2282 1446 statu

678 1467 863 1506 tranquillo
880 1467 971 1498 civit.
988 1467 1180 1498 Ferrarien.
1202 1465 1371 1497 editorum
1380 1474 1390 1501 ;
1413 1465 1519 1496 salvis
1537 1467 1652 1496 tamen
1669 1465 1926 1497 remanentibus
1944 1466 2054 1506 pactis
2075 1467 2164 1499 inter
2181 1468 2219 1499 E.
2238 1468 2279 1499 R.

680 1529 722 1551 ex
734 1521 830 1560 parte
848 1529 916 1551 una
932 1521 965 1551 et
988 1520 1108 1551 ducem
1125 1528 1163 1551 ac
1179 1527 1357 1550 commune
1374 1519 1596 1550 Venetiarum
1614 1519 1753 1554 habitis,
1773 1520 1804 1550 et
1822 1519 1914 1550 civit.
1939 1529 1977 1550 ac
1992 1520 2186 1551 districtum
2203 1521 2282 1552 Fer-

679 1573 804 1604 rarien.
818 1573 1105 1613 contingentibus.
1126 1573 1179 1613 (A.
1197 1574 1245 1610 10,
1263 1572 1285 1604 f.
1304 1573 1364 1604 515
1379 1578 1412 1609 ³3
1439 1572 1472 1603 V.
1487 1574 1538 1607 67,
1558 1581 1611 1612 ep.
1629 1573 1689 1603 203
1703 1573 1734 1603 D
1748 1572 1785 1602 de
1800 1572 1882 1612 cur.)

724 1626 735 1637 ⁸
756 1624 867 1656 8354.
884 1643 923 1648 —
938 1627 1141 1658 Inseruntur
1156 1626 1310 1666 quaedam
1326 1625 1447 1657 litterae
1463 1625 1650 1657 Clementis
1666 1626 1734 1656 ΡΡ.
1750 1627 1780 1657 V
1796 1634 1899 1666 super
1915 1626 2171 1658 confirmatione
2188 1628 2282 1659 inno-

679 1681 826 1712 vationis
854 1682 887 1711 et
917 1679 1148 1711 concessionis
1175 1688 1212 1710 ac
1230 1679 1508 1719 reintegrationis
1523 1679 1750 1719 quorumdam
1767 1680 1944 1718 pactorum
1962 1688 2036 1719 quae
2047 1680 2174 1711 dudum
2194 1681 2283 1712 inter

679 1734 798 1765 ducem
812 1735 845 1765 et
857 1742 1034 1765 commune
1045 1733 1268 1765 Venetiarum
1280 1741 1323 1763 ex
1334 1733 1430 1772 parte
1442 1741 1520 1767 una,
1533 1734 1749 1772 potestatem,
1764 1732 1947 1763 consilium
1959 1734 1991 1764 et
2002 1734 2283 1765 communitatem

679 1787 883 1822 Ferrarien.,
900 1787 1025 1826 quond.
1042 1786 1205 1826 Opizonis
1218 1787 1252 1817 et
1270 1786 1517 1825 subsequenter
1532 1786 1658 1825 quond.
1675 1786 1803 1816 Azouis
1819 1786 2054 1817 marchionum
2069 1787 2187 1818 Esten.
2200 1789 2283 1818 tem-

678 1841 830 1881 poribus,
850 1841 931 1871 dum
948 1840 1117 1876 vivebant,
1140 1848 1183 1871 ex
1199 1839 1316 1877 altera,
1335 1840 1469 1870 servata
1486 1839 1620 1870 fuerant
1636 1848 1696 1878 per
1714 1839 1929 1879 Onuphrium
1947 1839 2157 1879 archiep.um
2172 1840 2282 1872 Saler-

679 1895 798 1930 nita11.,
813 1896 891 1926 tunc
904 1894 1068 1925 decanum
1083 1893 1243 1930 Melden.‚
1260 1894 1293 1924 et
1308 1893 1432 1932 quond.
1449 1893 1596 1930 Heliam,
1612 1892 1688 1923 abb.
1706 1893 1880 1924 saecularis
1894 1893 2107 1924 Albaterren.
2123 1894 2283 1925 ecclesia-

679 1958 767 1986 rum,
785 1947 1034 1987 Petragoricen.
1053 1947 1097 1978 di.
1106 1957 1116 1984 3
1137 1955 1222 1986 quas
1240 1946 1376 1986 quidem
1393 1946 1526 1977 litteras
1543 1946 1628 1977 eisd.
1646 1946 1723 1976 duci
1739 1947 1772 1977 et
1789 1947 1961 1977 communi
1980 1947 2200 1978 venetiarum
2213 1947 2280 1978 dic-

679 2004 735 2034 tus
751 2002 819 2033 PP.
835 2010 897 2032 xm
922 2001 991 2032 kal.
1009 2002 1109 2032 mart.
1128 2009 1157 2031 a.
1173 2004 1251 2031 vm⁰
1266 2000 1445 2031 concessit.
1465 1999 1516 2038 (A.
1534 2001 1582 2035 10,
1599 1999 1621 2030 f.
1635 2001 1696 2031 519
1713 2005 1726 2020 ³
1740 2019 1777 2023 —
1790 1999 1884 2037 532b;
1905 1999 1939 2030 V.
1954 2002 2006 2037 67,
2019 2009 2071 2040 ep.
2084 2001 2144 2030 204
2156 1999 2192 2031 de
2203 2001 2283 2040 cur.)

725 2056 735 2067 “
757 2052 868 2084 8355.
890 2071 926 2076 —-
944 2054 1111 2085 Inseritur
1127 2052 1297 2093 quoddam
1313 2052 1533 2092 privilegium
1550 2053 1738 2084 Clementis
1751 2053 1819 2084 ΡΡ.
1835 2054 1865 2085 V
1880 2053 2109 2091 universitati,
2124 2054 2281 2092 consilio,

679 2109 805 2150 populo
823 2110 855 2140 et
872 2107 1044 2139 communi
1061 2106 1252 2138 Ferrarien.
1266 2114 1369 2146 super
1383 2106 1596 2137 ordinatione
1609 2106 1787 2146 regiminis
1802 2107 1834 2137 et
1846 2106 2046 2138 officialium
2063 2107 2173 2146 ipsius
2188 2107 2280 2139 civit.

681 2173 719 2193 111
737 2162 782 2193 id.
800 2161 865 2193 feb.
885 2169 915 2192 a.
930 2165 965 2191 v⁰
981 2160 1146 2192 concessi.
1166 2159 1218 2200 (A.
1238 2161 1288 2196 10,
1306 2159 1330 2191 f.
1345 2161 1402 2191 541
1420 2164 1434 2180 ⁸
1450 2176 1488 2181 -
1502 2160 1562 2191 549
1579 2159 1612 2196 ὓς
1634 2159 1670 2190 V.
1691 2161 1742 2196 67,
1765 2168 1818 2199 ep.
1834 2161 1894 2191 205
1910 2159 1946 2190 de
1961 2159 2041 2199 cur.)

725 2212 835 2244 8356.
852 2232 891 2237 -
905 2214 1018 2245 Mand.
1038 2213 1194 2253 archiep.0
1216 2211 1373 2243 Nicosien.
1402 2213 1443 2244 de
1456 2213 1573 2244 Pisan.
1590 2213 1671 2244 eccl.
1690 2213 1856 2244 translato
1872 2214 1909 2244 ut
1926 2213 2016 2244 infra
2031 2213 2135 2244 unius
2150 2213 2282 2244 mensis

681 2269 831 2308 spatium
847 2267 888 2299 ad
902 2275 999 2298 suam
1017 2266 1096 2298 eccl.
1121 2275 1158 2297 se
1171 2265 1356 2297 transferat
1371 2267 1535 2306 Agarenae
1552 2266 1682 2298 nationi
1699 2266 1957 2298 conterminam.
1979 2266 2031 2304 (Α.
2049 2268 2087 2299 10
2098 2269 2120 2303 1,
2136 2266 2158 2297 f.
2174 2268 2234 2298 433
2250 2265 2281 2304 ¹³3

686 2321 720 2352 V.
739 2323 790 2358 67,
806 2330 858 2360 ep.
874 2323 912 2352 41
929 2320 966 2351 de
981 2319 1060 2360 cur.)

711 2438 733 2462 1.
748 2438 792 2463 En
803 2443 901 2469 marge
919 2436 957 2461 du
972 2436 1005 2462 R.
1020 2436 1053 2462 A.
1069 2442 1105 2461 ou
1119 2435 1155 2461 lit
1169 2440 1176 2461 :
1195 2444 1205 2459 ι
1220 2434 1341 2460 Attende
1357 2435 1427 2467 quia
1442 2435 1497 2461 fuit
1511 2435 1703 2467 registi-ata...
1722 2435 1835 2467 aprilis.
1849 2449 1880 2454 —-
1893 2436 2014 2462 Attende
2032 2435 2141 2461 datum.
2159 2444 2170 2458 ›
