2592 3562
229 460 333 487 natum
354 455 539 489 Avenione.

262 559 300 587 31
317 563 400 588 mart.
417 559 505 587 1318.

223 610 225 613 ·
250 614 252 616 ·
285 607 319 639 (ιι
333 604 392 632 kal.
408 605 483 638 apr.)

305 649 337 676 T.
354 649 387 682 X,
403 648 464 678 XII.

344 823 381 851 Ut
394 832 419 851 s.

305 869 336 896 T.
359 869 456 896 XVIII.

318 1399 348 1425 T.
370 1375 440 1426 XIV.

295 1523 299 1529 ’
339 1518 375 1546 Ut
394 1527 418 1546 s.
451 1522 454 1526 '

303 1562 334 1591 Τ.
353 1562 451 1591 XXVI.

336 1892 372 1919 Ut
392 1900 417 1920 s.

301 1936 332 1963 T.
354 1936 451 1965 XXVI.

337 1998 374 2026 Ut
389 2007 415 2027 s.

317 2042 350 2071 T.
366 2042 439 2072 xlv.

335 2263 370 2291 Ut
387 2272 412 2292 s.

313 2307 343 2335 T.
364 2308 437 2336 XVI.

212 2583 236 2628 vl
256 2582 339 2619 (kal.)
359 2591 421 2618 apr.
441 2582 532 2612 ¹318.

335 2627 366 2654 T.
386 2627 418 2655 L.

606 359 780 399 JOANNIS
804 368 922 398 PAPAE
944 368 1047 398 XXII.
1073 369 1322 406 (1316-1334).
1345 384 1383 389 -
1406 367 1592 397 LITTERAE
1615 367 1840 399 COMMUNES
2174 375 2232 405 119

675 554 785 586 6804.
807 574 847 579 -
864 556 982 588 Gratia
999 565 1095 595 exsp.
1123 557 1338 594 personatus,
1362 555 1415 586 vel
1438 555 1528 594 dign.
1559 564 1619 586 seu
1641 556 1695 586 off.
1722 555 1755 585 in
1784 556 1863 586 cccl.
1896 556 2124 595 Cameracen..
2148 570 2227 600 may.

600 620 602 654 ς
630 610 796 641 Francisco
809 610 845 640 de
862 609 1045 645 Mallewam
1067 609 1218 648 praedicti
1236 609 1371 639 comitis
1388 608 1468 639 cler.
1487 609 1519 639 et
1538 608 1660 645 famil„
1679 608 1786 647 ejusd.
1805 610 1838 639 et
1854 609 2076 646 Rothnacen.,
2094 620 2120 641 s.
2138 613 2230 643 Petri

600 660 602 683 =¹
631 664 958 695 CastriNamurcen.
973 671 1011 693 ac
1021 671 1048 693 s.
1061 663 1180 702 Beggae
1193 662 1381 698 Andenen.‚
1393 662 1555 692 Leodien.
1567 662 1822 692 etCameracen.
1834 662 1892 698 di.,
1908 663 1988 693 eccl.
2000 672 2071 694 can.
2083 665 2228 703 praeben.

599 732 601 738 ι
630 734 669 739 -
684 717 710 748 Ι.
727 726 756 748 e.
778 726 823 747 m.
841 716 917 747 abb.
934 717 1078 747 monast.
1097 724 1124 746 s.
1142 715 1297 751 Auberti‚
1315 717 1348 746 et
1364 715 1490 745 decano
1506 724 1533 745 s.
1552 715 1732 754 Gangerici
1751 715 1981 753 Cameracen„
1997 725 2034 747 ac
2050 726 2151 757 praep.
2170 719 2231 749 Ni-

631 770 754 802 vellen.
773 769 934 801 Leodien.
951 769 995 800 di.
1013 769 1093 800 eccl.
1112 768 1164 807 (A.
1181 770 1211 804 8,
1230 768 1251 798 s.
1266 769 1327 799 454
1344 768 1377 804 ¹³3
1403 767 1434 798 V.
1454 769 1504 804 67,
1522 777 1574 807 ep.
1596 768 1683 807 910.)

598 861 599 866 1
674 820 784 852 6805.
806 841 844 845 -
865 815 998 861 Indulg.
1017 832 1033 852 c
1052 821 1184 853 dierum
1200 821 1421 852 visitantibus
1437 821 1556 860 colleg.
1576 821 1657 852 eccl.
1676 821 1710 852 in
1728 821 1801 852 loco
1819 822 1908 853 dicto
1924 823 2128 863 Middlburg,
2148 825 2229 855 Tra-

625 877 748 916 jecten.
772 876 832 913 di.,
857 876 892 906 in
907 876 1072 906 honorem
1087 875 1120 905 b.
1141 875 1232 905 Petri
1253 874 1399 913 apostoli
1414 883 1433 905 a
1448 874 1644 911 Guillelmo,
1657 874 1772 905 comiti
1789 875 1988 912 Hannoniae,
2001 879 2229 908 constructam

597 949 599 959 ,
625 932 658 961 et
672 930 832 966 dotatam,
850 929 886 960 in
904 929 1050 969 singulis
1066 928 1178 967 ipsius
1194 929 1302 967 apost.
1319 927 1577 965 festivitatibus,
1594 929 1627 958 et
1643 928 1684 958 ad
1702 928 1864 959 fabricam
1879 929 1985 968 ejusd.
2007 930 2087 960 eccl.
2107 939 2227 961 manus

596 1021 597 1026 ¹
625 983 878 1023 porrigentibus
909 982 1116 1022 adjutrices,
1144 990 1184 1012 xi.
1216 990 1294 1012 vero
1326 981 1460 1012 dierum
1490 989 1550 1020 per
1586 983 1734 1012 octavas.
1760 982 1813 1021 (A.
1845 984 1876 1018 9,
1906 981 1928 1013 f.
1960 984 2018 1014 160
2047 988 2081 1020 ‘¹3
2117 983 2152 1014 V.
2178 985 2229 1022 68,

596 1031 598 1046 '
625 1045 678 1076 ep.
697 1037 775 1067 1242
789 1036 835 1072 Α,
854 1037 968 1073 Brom,
988 1034 1161 1065 Baliarium
1182 1034 1383 1074 Trajectense,
1399 1035 1425 1072 Ι,
1445 1043 1478 1074 p.
1496 1035 1567 1072 263,
1585 1043 1618 1065 n.
1639 1035 1727 1073 560.)

596 1085 597 1090 ’
671 1091 681 1100 ·
705 1087 817 1118 6806.
835 1107 874 1112 -
889 1088 1141 1121 Confirmantur
1155 1088 1356 1119 donationes
1372 1087 1525 1127 plurium
1536 1088 1701 1119 bonorum
1720 1097 1780 1127 per
1795 1088 1827 1119 b.
1844 1098 1908 1120 me.
1921 1089 2112 1121 Guidonem
2126 1091 2228 1121 comi—

624 1145 691 1174 tem
714 1142 883 1174 Flandriae
909 1142 1005 1173 factae
1027 1142 1142 1173 favore
1161 1151 1191 1171 n.
1219 1151 1247 1172 υ.
1272 1141 1402 1172 Joanm‘s
1419 1141 1457 1171 de
1475 1140 1627 1171 Flandriu
1654 1142 1773 1171 comitis
1796 1142 1979 1172 Namurcen.
2002 1143 2144 1174 Leodien.
2169 1144 2225 1181 di.,

624 1196 735 1236 ipsius
752 1196 827 1233 filii,
847 1197 1014 1235 praesente
1031 1196 1064 1227 et
1080 1195 1290 1235 approbante
1314 1204 1346 1225 n.
1370 1204 1400 1224 v.
1424 1195 1573 1226 Roberto
1592 1195 1714 1226 comite
1733 1196 1913 1234 Flandriae,
1933 1196 2044 1236 ipsius
2062 1197 2230 1228 Guidonis

625 1250 696 1280 filio
712 1249 951 1289 primogenito.
969 1267 1008 1272 -
1026 1249 1187 1288 Sequitur
1205 1250 1300 1279 tenor
1316 1248 1483 1288 praedictae
1497 1248 1692 1279 donationis
1708 1248 1804 1280 factae
1818 1249 1881 1280 sub
1897 1258 1984 1281 anno
2000 1251 2088 1281 1285.
2108 1251 2159 1290 (A.
2178 1251 2229 1285 10,

596 1329 597 1338 ,
624 1303 647 1333 f.
667 1304 726 1334 352
742 1303 772 1339 b,
798 1302 831 1332 V.
850 1304 900 1340 68,
922 1311 975 1342 ep.
994 1304 1101 1340 2167.)

596 1386 597 1394 ¹
668 1353 778 1384 6807.
801 1373 838 1378 -
854 1355 1044 1391 Stabullen.‚
1063 1354 1245 1386 Genblacen.
1263 1360 1290 1385 ct
1308 1355 1452 1394 Lefslen.,
1467 1354 1610 1385 Leodien.
1626 1355 1682 1392 di.,
1696 1361 1822 1386 monast.
1836 1355 1903 1386 abb.
1915 1357 2037 1387 dantur
2048 1359 2084 1388 ut
2095 1357 2228 1396 judices

595 1395 598 1403 ’
624 1411 880 1440 conservatores
895 1409 1055 1449 praedicto
1072 1409 1188 1440 comiti
1205 1411 1321 1440 contra
1334 1418 1367 1439 n.
1390 1418 1420 1439 v.
1439 1408 1628 1440 Robertum
1650 1409 1761 1448 ipsius
1780 1409 1930 1440 fratrem.
1948 1410 2002 1450 (A.
2022 1412 2070 1448 10,
2084 1411 2106 1440 f.
2122 1412 2181 1442 354
2198 1411 2227 1448 ἱ),

595 1477 597 1486 ·
630 1462 665 1493 V.
684 1464 735 1499 68,
754 1471 807 1502 ep,
825 1464 931 1498 2168.)

669 1515 680 1526 ·
701 1513 813 1544 6808.
831 1532 868 1538 --
881 1515 922 1546 Ν,
935 1526 963 1546 υ.
979 1516 1081 1546 comiti
1094 1514 1250 1546 Flandriae
1266 1516 1458 1547 declaratur
1472 1516 1562 1555 quod
1577 1515 1796 1546 laudabiliter
1813 1516 1881 1556 egit
1896 1516 2005 1555 ipsius
2024 1516 2128 1548 frater
2145 1526 2176 1547 n.
2193 1527 2224 1547 v.

622 1570 772 1600 Joannes
788 1569 828 1600 de
842 1569 1005 1600 Flandria
1021 1577 1134 1600 comes
1150 1570 1371 1605 Namurcen„
1390 1569 1551 1600 Leodien.
1569 1569 1630 1605 di.,
1649 1578 1714 1600 non
1732 1569 1924 1600 assistendo
1943 1570 2010 1609 ipsi
2024 1572 2139 1601 contra
2152 1570 2227 1601 Phi-

623 1622 756 1662 lippum
779 1631 893 1662 regem
908 1623 1071 1658 Franciae,
1093 1624 1125 1653 et
1146 1623 1219 1662 ipse
1235 1625 1374 1662 propter
1394 1622 1457 1653 hoc
1473 1625 1588 1653 contra
1607 1622 1734 1653 dictum
1749 1623 1916 1654 Joannem
1934 1623 2106 1654 hominem
2129 1633 2229 1654 suum

623 1676 742 1716 ligium
757 1677 789 1707 et
804 1675 974 1707 feudalem
986 1677 1176 1707 commotus
1193 1675 1342 1707 indebite
1353 1675 1501 1716 graviter
1515 1676 1648 1713 existit3
1665 1676 1763 1715 eique
1781 1677 1892 1707 mand.
1910 1678 1946 1707 ut
1962 1677 1997 1707 in
2010 1678 2228 1716 possessione

621 1728 800 1764 bonorum,
815 1729 881 1768 ipsi
894 1729 1018 1760 Joanni
1034 1731 1095 1768 per
1110 1729 1234 1769 quond.
1254 1729 1443 1760 Guidonem
1465 1729 1623 1760 comitem
1641 1729 1810 1761 Flandriae
1831 1732 1963 1769 patrem
1985 1739 2102 1762 eorum
2126 1732 2229 1762 dona-

622 1783 745 1818 torum,
761 1791 838 1813 eum
853 1786 885 1813 et
900 1782 1050 1813 haeredes
1063 1790 1144 1813 suos
1164 1782 1360 1813 nullatenus
1375 1782 1551 1822 inquietet.
1572 1783 1625 1822 (A.
1648 1784 1696 1819 10,
1717 1782 1738 1812 f.
1760 1784 1820 1815 368
1835 1788 1865 1820 ³3
1890 1783 1923 1814 V.
1940 1785 1991 1819 68,
2012 1793 2062 1824 ep.
2084 1786 2163 1815 2222
2184 1787 2226 1822 Α,

621 1835 804 1875 Raynaffli,
823 1836 958 1866 Annales
976 1835 1137 1867 ecclesiast.
1155 1838 1180 1866 t.
1200 1836 1241 1873 V,
1263 1837 1352 1872 1318,
1369 1836 1510 1875 XXIV.)

665 1886 774 1918 6809.
796 1907 830 1912 --
848 1889 888 1920 Ν.
907 1899 936 1920 υ.
955 1888 1091 1924 ducibus,
1108 1888 1315 1929 principibus,
1335 1888 1504 1924 comitibus,
1523 1889 1699 1926 baronibus,
1718 1890 1865 1920 militibus
1881 1894 1909 1920 et
1921 1900 2001 1931 pers.
2020 1891 2229 1931 sinqularibus

621 1943 704 1973 unio.
725 1942 916 1973 declaratur
933 1943 978 1973 id.
997 1942 1051 1982 (A.
1071 1943 1120 1979 10,
1141 1942 1163 1972 f.
1183 1944 1242 1974 369
1258 1948 1290 1978 ³3
1317 1942 1352 1973 V.
1371 1943 1423 1979 68,
1446 1951 1498 1982 ep.
1518 1944 1598 1974 2222
1614 1943 1666 1981 Β.)

665 1992 776 2025 6810.
796 2013 834 2018 -
852 1995 932 2026 Abb.
954 2000 1084 2025 monast.
1103 2006 1127 2026 s.
1143 1994 1324 2033 Audeberti,
1344 2001 1372 2025 et
1385 2005 1484 2036 praep.
1508 2005 1544 2026 ac
1561 2006 1642 2036 maq.
1658 1996 1794 2026 Henrt'co
1815 1996 1852 2027 de
1878 1996 2040 2034 Geblonia,
2062 2007 2128 2029 can.
2152 1999 2226 2029 eccl.

623 2048 832 2086 Cameracen„
851 2049 964 2080 mand.
986 2050 1023 2080 ut
1044 2057 1123 2088 ep.0
1144 2049 1302 2080 Leodien.
1329 2049 1506 2080 inhibeant
1525 2057 1566 2080 ne
1585 2049 1774 2080 infantibus
1800 2052 1832 2081 et
1854 2050 2028 2082 illiteratis
2046 2052 2228 2083 comitatus

622 2102 826 2133 Namurcen.
840 2103 1019 2133 tonsuram
1034 2102 1225 2133 clericalem
1241 2101 1403 2141 deinceps
1416 2102 1578 2137 conferat,
1593 2111 1631 2133 eo
1643 2103 1723 2143 quia
1735 2103 1798 2134 sub
1812 2104 1892 2134 talis
1904 2105 2054 2135 tonsurae
2070 2106 2227 2144 pretextu

624 2155 737 2186 debita
755 2155 896 2187 servitia
913 2164 945 2186 n.
966 2151 1001 2186 ’v.
1024 2155 1148 2186 Joanni
1171 2155 1211 2186 de
1231 2155 1394 2186 Flandria
1417 2155 1533 2186 comiti
1559 2156 1777 2192 Namurcen.‚
1801 2157 1958 2188 Leodien.
1982 2157 2042 2193 di.,
2061 2158 2227 2198 denegant

623 2208 794 2240 exhibere.
816 2210 867 2248 (A.
890 2210 939 2246 10,
958 2209 980 2239 f.
998 2210 1058 2240 328
1073 2214 1104 2246 ¹²3¹
1125 2209 1160 2240 V.
1177 2209 1228 2246 68,
1246 2217 1299 2248 ep.
1317 2208 1424 2248 2247.)

667 2258 779 2291 6811.
800 2279 838 2284 —
860 2262 1084 2302 Aquiscintin.,
1102 2261 1280 2292 Atrebaten.
1301 2261 1358 2300 di.,
1382 2267 1410 2292 et
1429 2272 1454 2292 s.
1479 2261 1609 2292 Martini
1627 2262 1654 2292 T
1652 2273 1809 2299 ormnem,
1831 2273 1866 2294 ac
1883 2273 1908 2294 s.
1926 2263 2051 2294 Nicolai
2068 2264 2104 2294 de
2120 2265 2226 2295 Pratis

616 2325 714 2356 prope
736 2315 905 2346 Tor-uacum
926 2319 1055 2346 monast.
1078 2315 1146 2346 abb.
1172 2315 1285 2346 mand.
1310 2317 1348 2347 ut
1367 2315 1555 2347 Robertum
1579 2316 1738 2347 comitem
1756 2316 1937 2354 Flandriae,
1962 2318 2225 2357 primogenitum

618 2369 747 2408 quond.
764 2369 933 2400 Guidonis
949 2369 1107 2400 comitem
1123 2368 1305 2407 Flandriae‚
1325 2369 1532 2409 compellant
1549 2369 1590 2400 ad
1605 2369 1878 2406 observationem
1893 2371 2087 2402 donationis
2102 2371 2225 2402 Joanni

619 2422 734 2453 comiti
749 2422 970 2459 Namurcen.,
988 2422 1149 2453 Leodien.
1165 2421 1224 2457 di.,
1238 2422 1337 2453 fratri
1349 2430 1422 2459 suo,
1440 2422 1683 2454 nonnullarum
1695 2424 1864 2454 terrarum
1878 2427 1910 2455 et
1926 2424 2077 2456 locorum
2095 2425 2135 2456 ab
2149 2426 2223 2457 eod.

617 2475 772 2507 Guidone
794 2476 883 2506 inter
904 2475 1001 2506 vivos
1017 2475 1131 2512 factae3
1157 2475 1302 2515 supplic.
1332 2475 1405 2507 eod.
1429 2476 1571 2514 Joanne,
1599 2476 1640 2507 ad
1664 2476 1697 2507 S.
1723 2478 1763 2508 A.
1793 2477 1855 2508 hac
1879 2478 2010 2509 ratione
2034 2479 2223 2510 accedente.

619 2529 671 2567 (A.
693 2529 742 2564 10,
762 2528 784 2559 f.
804 2529 864 2560 328
877 2533 908 2564 ²²3
931 2528 966 2558 V.
984 2529 1036 2566 68,
1053 2537 1106 2568 ep.
1124 2528 1233 2567 2248.)

662 2581 674 2592 ’
696 2578 808 2610 6812.
828 2599 866 2604 -
883 2581 921 2611 In
941 2580 1100 2619 Kemuzzo,
1119 2585 1147 2612 et
1163 2581 1196 2612 in
1215 2581 1320 2612 Ozzetz
1338 2587 1468 2614 monast.
1487 2583 1570 2618 abb„
1587 2588 1615 2613 et
1630 2582 1763 2623 plebano
1775 2582 1876 2622 plebis
1890 2583 1922 2612 in
1941 2582 2074 2620 Ger-mer,
2092 2583 2221 2616 Misnen.

618 2639 647 2665 et
664 2634 800 2674 Prayen.
819 2634 877 2672 di.,
895 2635 1008 2665 mand.
1032 2637 1068 2667 ut
1085 2635 1297 2674 suspendant
1311 2635 1353 2666 ab
1370 2636 1666 2667 administratione
1685 2636 1916 2675 spiritualium
1934 2638 1967 2667 et
1983 2636 2222 2676 temporalium

619 2688 700 2719 eccl.
721 2688 864 2728 Pragen.
887 2689 920 2719 et
937 2687 1041 2719 citent
1061 2689 1171 2727 apost.
1189 2689 1385 2728 conspectui
1400 2690 1566 2721 Joannem
1582 2697 1697 2728 ep.um
1712 2689 1855 2728 Pragen.
1874 2689 2069 2721 haereticum
2087 2689 2140 2720 vel
2157 2689 2223 2721 sal·

618 2743 685 2772 tem
716 2741 953 2772 haereticorum
980 2741 1160 2778 fautorem,
1195 2741 1254 2781 qui
1282 2751 1337 2772 x1v
1363 2742 1539 2774 haereticos
1563 2751 1624 2782 per
1648 2742 1871 2782 inquisitores
1899 2742 1990 2780 fidei,
2017 2742 2222 2774 acclamante

617 2795 747 2826 Joanne
765 2794 936 2825 Bohemiae
955 2803 1045 2834 rege,
1063 2803 1130 2825 una
1146 2803 1224 2826 cum
1238 2795 1363 2835 populo
1379 2795 1471 2826 civit.
1489 2796 1646 2836 Pragen„
1660 2796 1762 2827 curiae
1780 2795 1933 2827 saeculari
1949 2795 1991 2826 ad
2004 2795 2223 2826 cremandum

618 2848 775 2885 traditos,
796 2856 856 2886 per
874 2847 1072 2878 violentiam
1097 2848 1272 2885 eduxerat,
1289 2850 1322 2880 et
1342 2848 1499 2879 infandos
1518 2857 1652 2880 errores
1668 2857 1706 2879 ac
1723 2848 1910 2888 piacularia
1926 2848 2070 2879 crimina
2085 2847 2223 2879 commi—

619 2902 710 2932 serat
725 2901 758 2932 S.
778 2901 818 2931 A.
835 2901 1081 2931 contemnendo
1096 2903 1129 2932 et
1142 2909 1202 2940 per
1215 2901 1485 2941 quinquennium
1500 2901 1617 2941 plures
1630 2901 1992 2932 excommunicationis
2007 2902 2040 2932 et
2052 2901 2223 2933 interdicti

619 2953 805 2986 sententias
821 2953 978 2984 indurato
996 2953 1096 2985 corde
1122 2954 1343 2992 susttnuerat,
1361 2956 1462 2994 atque
1484 2955 1665 2994 quemdam
1693 2954 1874 2990 medicum,
1898 2954 2034 2985 nomine
2055 2954 2223 2985 Ritzardi·

620 3016 712 3044 num,
732 3007 789 3046 qui
808 3006 935 3037 librum
953 3005 1156 3038 manifestas
1169 3006 1315 3038 haereses
1331 3007 1558 3039 continentem
1575 3007 1738 3044 ediderat,
1754 3015 1772 3038 e
1787 3007 1887 3038 domo
1903 3007 1941 3038 F.
1959 3007 1997 3039 O.
2013 3007 2052 3038 P.
2070 3009 2223 3039 extraxe-

592 3035 595 3078 Ι
619 3061 671 3091 rat
686 3061 719 3091 et
735 3059 843 3091 libere
862 3058 957 3090 abire
974 3059 1188 3098 permiserat.
1209 3078 1247 3083 —
1263 3060 1376 3092 Citent
1392 3060 1496 3092 etiam
1510 3068 1544 3091 n.
1562 3069 1594 3090 v.
1611 3059 1791 3091 Albertum
1814 3060 1854 3091 de
1872 3060 1971 3091 Duba
1990 3061 2023 3092 et
2042 3060 2223 3093 Albertum
