2592 3562
364 281 425 312 206

398 370 499 398 Datum
523 364 707 399 Avenione.

378 1002 396 1029 5
409 1004 455 1036 (111
468 1002 548 1034 non.)
563 1001 619 1035 jul.
638 1000 725 1028 1318.

480 1046 510 1073 T.
532 1045 627 1072 xxiv.

509 1212 545 1239 Ut
565 1220 588 1238 s.

454 1257 484 1284 T.
503 1257 548 1290 XI,
569 1256 640 1283 XIII.

512 1424 548 1451 Ut
564 1432 587 1451 s.

509 1469 539 1495 T.
560 1468 593 1495 X.

512 1530 548 1557 Ut
565 1538 587 1556 s.

461 1575 492 1601 T.
507 1574 553 1607 xi,
572 1574 642 1600 xm.

383 1797 401 1824 ⁶¹
414 1798 447 1830 (11
463 1797 542 1829 non.)
556 1796 614 1830 jul.
635 1795 723 1823 1318.

499 1840 528 1867 Τ.
550 1840 608 1867 XII.

514 2802 551 2830 Ut
570 2811 593 2830 s.

464 2847 495 2874 T.
512 2847 560 2880 xl,
576 2847 647 2874 XIII.

764 278 937 311 JOANNIS
960 278 1077 310 PAPAE
1099 278 1200 310 XXII.
1224 280 1472 318 (1810-1334).
1496 295 1534 300 -
1556 275 1742 307 LITTERAE
1764 275 1989 308 COMMUNES

790 470 868 500 vien.
885 469 930 500 di.
948 469 1057 508 (Ibid.)
1073 487 1111 492 —
1136 468 1294 508 Απαφιίη.
1311 473 1339 498 et
1359 468 1476 498 Soran.
1491 466 1565 507 ep-i,
1590 475 1625 496 ac
1643 465 1736 496 abbas
1757 469 1886 496 monast.
1906 476 1932 496 ε.
1949 465 2045 496 Pauli
2058 466 2095 498 de
2116 466 2206 498 Urbe.
2229 467 2337 509 (lbid.)
2353 486 2391 493 —

790 522 975 562 Arc-hienae
1000 522 1218 558 Terraconen„
1245 526 1273 551 et
1295 520 1523 551 Barchinonen.
1542 528 1576 549 ac
1595 518 1768 550 Gerunden.
1785 519 1860 559 ep.i.
1879 519 1930 556 (A.
1949 519 2000 557 10,
2018 519 2042 550 f.
2056 521 2117 552 399
2130 519 2163 558 '³5
2185 520 2223 552 V.
2240 520 2332 562 ibid.)
2350 539 2390 545 ——

790 575 976 616 ArchiepAA
996 575 1143 611 Januen„
1165 579 1193 604 et
1208 574 1352 604 Par-men.
1370 583 1408 603 ac
1430 573 1536 603 Astera.
1554 571 1627 612 ep.i.
1643 571 1751 611 (lbid.)
1769 589 1806 594 —
1822 571 2007 612 Archiepms
2019 571 2214 614 Luthmen..
2230 579 2260 606 et
2275 575 2390 616 Linqu-

789 638 858 659 nen.
879 638 915 659 ac
935 628 1134 659 Matisconen.
1154 628 1228 668 ep.i.
1253 626 1362 666 (lbid.)
1380 643 1418 648 —
1435 625 1622 666 Archiep.us
1648 623 1816 662 Senonen„
1845 630 1874 656 et
1898 625 2052 658 Pariaeien.
2077 636 2114 657 ac
2129 625 2296 659 Nicer-nen.
2313 628 2388 669 epd-

789 681 948 722 (1ιιῑιι.)-
973 680 1157 720 Arckiepm
1176 679 1344 715 Bisumin„
1369 683 1399 709 et
1416 678 1587 708 Lausanen.
1608 687 1645 707 ac
1658 676 1806 708 Bellicen.
1823 678 1898 719 ep.i.
1916 677 2022 719 (Ibid.)
2039 696 2078 702 ——
2093 679 2236 711 Anicien.
2249 686 2278 712 et
2299 680 2391 712 Viva*

789 735 867 766 rien.
883 734 955 774 ep.i,
975 739 1003 764 et
1022 733 1114 763 abbas
1129 738 1255 763 monast.
1274 732 1310 763 de
1323 742 1348 763 s.
1368 730 1539 771 Theofredo
1554 731 1700 762 Anicien.
1719 730 1762 762 di.
1779 731 1891 771 (Ibid.)
1905 748 1944 755 —
1959 732 2120 773 Anaqnin.
2137 738 2166 764 et
2178 733 2296 765 δον-(ιη.
2313 735 2389 776 εμί,

789 798 824 817 ac
841 787 909 817 abb.
925 790 1051 816 monast.
1064 796 1088 816 s.
1103 785 1196 816 Pauli
1211 785 1248 816 de
1264 783 1355 815 Urbe.
1372 783 1481 823 (Ibid.)
1495 803 1532 807 —
1546 783 1730 821 Florentia„
1748 783 1920 815 Volterran.
1940 791 1969 816 et
1984 786 2119 818 Massava.
2135 787 2211 828 φλ.
2224 786 2334 828 (Ibid.)
2351 805 2391 811 —

788 840 972 873 lausanen,
991 839 1159 870 Gebennen.
1176 843 1205 868 et
1221 836 1505 878 Gratianopolican.
1520 847 1566 877 ep.
1570 837 1592 869 i.
1608 837 1701 876 (Ibaxd
1704 839 1716 877 )
1733 855 1770 860 —
1786 837 1930 879 Archiep.
1934 848 1969 869 us
1992 838 2209 877 cantuarien„
2227 845 2256 871 et
2270 840 2390 872 Lince!-

788 893 871 923 nien.
888 902 924 923 ac
939 892 1123 923 Bamonien.
1139 892 1214 930 ep.i.
1233 891 1287 931 (A.
1305 893 1354 928 13,
1373 891 1397 922 f.
1413 891 1524 927 699¹&
1548 890 1584 922 V.
1599 891 1649 926 70,
1668 899 1720 930 ep.
1740 891 1896 931 1487.-)
1911 891 2061 934 Archiep.
2064 893 2250 931 usRemen.,
2265 898 2295 925 et
2307 893 2392 926 Law-

790 947 901 976 dunen.
919 955 954 975 ac
970 945 1165 975 Suessz’onen
1185 954 1233 985 ep.
1237 944 1259 974 i.
1275 944 1370 984 (Ibid.
1376 943 1387 983 )

833 995 943 1026 7673.
961 1016 999 1020 -
1013 997 1050 1028 S.
1066 997 1210 1028 Germani
1242 996 1278 1027 de
1301 997 1408 1027 Pratis
1425 1006 1528 1037 prope
1550 996 1692 1027 Par-isius
1706 1001 1735 1027 et
1756 1007 1781 1028 s.
1798 997 1961 1039 Genovefae
1978 998 2131 1030 Parisien.
2158 1004 2287 1031 monem.
2305 999 2388 1040 abb„

789 1061 825 1081 ac
840 1049 959 1080 archid.
984 1050 1138 1080 Parisien.
1157 1050 1281 1081 dantur
1304 1051 1341 1081 ut
1364 1050 1497 1090 Judices
1522 1050 1780 1081 conservatores
1802 1059 1893 1091 mag.
1918 1051 2020 1083 Petro
2035 1052 2077 1083 de
2099 1052 2214 1092 capis,
2237 1052 2390 1086 thesaur.

788 1104 999 1141 Laudunen.‚
1024 1103 1083 1143 qui
1110 1112 1212 1143 super
1239 1103 1350 1134 benef.
1377 1105 1411 1135 et
1428 1103 1529 1134 bonis
1554 1102 1628 1134 suis
1649 1112 1668 1134 a
1693 1104 1868 1135 nonnullis
1889 1105 2102 1136 molestatur.
2128 1105 2182 1147 (A.
2196 1107 2228 1142 9,
2243 1105 2389 1144 f.¹·16·;

796 1157 827 1187 V.
845 1158 896 1193 68,
913 1165 965 1196 ep.
985 1157 1088 1194 1270.)

833 1207 942 1239 7674.
961 1227 998 1232 -
1014 1209 1177 1240 Bernardo
1193 1209 1353 1240 Pollicerii
1373 1209 1486 1241 collat.
1513 1218 1632 1241 canon.
1652 1211 1685 1241 et
1706 1209 1811 1250 praeb.
1829 1210 1911 1242 eccl.
1926 1211 2105 1250 veneten„
2125 1220 2187 1252 per
2207 1211 2290 1245 obit.
2306 1212 2391 1245 Auf-

790 1263 876 1294 fredi
899 1263 981 1294 dicti
1005 1264 1052 1294 Le
1075 1263 1232 1303 Bourgne
1257 1272 1311 1303 ap.
1327 1263 1362 1295 S.
1378 1263 1419 1294 A.
1439 1262 1590 1294 defuncti
1607 1271 1679 1294 vac.
1690 1272 1699 1299 ς
1720 1263 1848 1295 consid.
1866 1272 1899 1295 n.
1922 1273 1955 1295 v.
1971 1265 2126 1304 Joannis,
2142 1265 2240 1297 ducis
2258 1266 2390 1298 Britan-

790 1316 864 1347 niae.
894 1334 934 1338 —
951 1316 978 1346 I.
998 1324 1025 1347 e.
1045 1325 1091 1346 m.
1111 1315 1187 1347 abb.
1217 1318 1362 1348 monast.
1387 1325 1415 1347 s.
1434 1315 1619 1353 Guildasii,
1643 1316 1807 1348 Veneten.
1838 1317 1897 1354 di.,
1917 1319 1950 1348 et
1972 1317 2100 1348 archid.
2131 1318 2319 1357 Redonen„
2352 1327 2391 1351 ac

788 1378 876 1409 mag.
899 1369 1039 1401 Mathaeo
1056 1369 1191 1406 Lebart,
1209 1378 1281 1400 can.
1300 1369 1421 1400 Dolen.
1441 1369 1521 1400 eccl.
1540 1369 1594 1409 (A.
1613 1371 1662 1407 10,
1678 1369 1701 1400 f.
1719 1371 1759 1401 52
1776 1375 1789 1391 3
1799 1378 1809 1406 ;
1832 1369 1867 1402 V.
1885 1372 1936 1406 68,
1953 1379 2006 1410 ep.
2026 1370 2132 1412 1750.)

834 1419 944 1451 7675.
963 1440 1002 1444 -
1029 1422 1135 1463 Ep.us
1160 1422 1366 1453 Silvanecten.
1393 1423 1493 1453 datur
1516 1424 1554 1453 ut
1577 1422 1683 1462 judex
1710 1425 1927 1455 conservator
1956 1424 2134 1465 magistris
2149 1425 2183 1456 et
2199 1424 2390 1467 scolaribus
2448 1451 2456 1459 .

789 1476 969 1512 Parisien„
987 1476 1029 1506 ad
1046 1476 1244 1507 triennium.
1264 1476 1315 1515 (A.
1335 1477 1383 1513 10,
1398 1476 1421 1507 f.
1442 1477 1499 1506 124
1511 1475 1546 1513 ¹³3
1569 1475 1602 1506 V.
1619 1477 1672 1513 68,
1685 1485 1744 1517 ep.
1759 1477 1864 1517 1863.)

835 1527 944 1557 7676.
962 1547 999 1551 -
1024 1528 1189 1560 Guillelmo
1218 1529 1406 1567 Salomonis,
1432 1529 1549 1560 archid.
1568 1529 1736 1567 Hedonen„
1754 1530 1919 1570 indulget.
1949 1531 2114 1571 utusque
2144 1531 2187 1562 ad
2213 1531 2391 1564 biennium

790 1582 936 1622 singulis
954 1582 1075 1613 diebus
1090 1582 1214 1622 quibus
1231 1583 1265 1613 in
1281 1583 1460 1614 archidiac.
1479 1592 1540 1614 suo
1557 1583 1767 1615 visitationis
1782 1584 1836 1615 off.
1851 1584 2032 1622 exercebit,
2049 1586 2224 1625 tamquam
2235 1585 2391 1618 residens

790 1635 823 1666 in
842 1636 1015 1667 Redonen.
1035 1636 1128 1670 eccl„
1155 1636 1252 1676 cujus
1270 1645 1342 1667 can.
1359 1636 1490 1673 existit,
1518 1638 1708 1675 censeatur,
1724 1639 1756 1668 et
1779 1637 1910 1668 fructus
1938 1637 2042 1677 praeb.
2060 1637 2190 1678 integre
2216 1638 2390 1679 percipere

789 1689 912 1723 valeat,
940 1689 1068 1720 consid.
1088 1698 1122 1720 n.
1138 1698 1170 1719 v.
1188 1690 1342 1727 Joannis‚
1360 1690 1456 1721 ducis
1477 1690 1674 1722 Britanniae.
1689 1709 1727 1713 —
1751 1691 1777 1721 I.
1795 1699 1823 1721 e.
1843 1699 1888 1721 m.
1903 1691 2010 1730 priori
2029 1691 2069 1722 de
2085 1691 2304 1729 Comburino,
2319 1691 2390 1724 Ma-

791 1742 932 1773 clovien.
952 1742 1011 1779 di.,
1028 1744 1060 1773 et
1077 1743 1203 1773 decano
1220 1752 1257 1774 ac
1276 1743 1403 1774 archid.
1421 1743 1501 1774 eccl.
1516 1743 1706 1786 Nanneten.
1726 1743 1780 1783 (A.
1799 1745 1848 1781 10,
1864 1743 1888 1775 f.
1906 1746 1964 1776 194
1977 1749 2011 1780 33
2035 1743 2068 1775 V.
2084 1745 2136 1782 68,
2151 1753 2204 1785 ep.
2224 1745 2332 1786 1907.)

835 1792 944 1823 7677.
964 1813 1002 1817 -
1018 1795 1153 1826 Deodaco
1173 1806 1241 1836 ep.o
1266 1795 1406 1827 Castren.
1424 1797 1537 1827 mand.
1555 1799 1592 1827 ut
1617 1805 1678 1836 pro
1705 1797 1836 1828 salubri
1854 1798 1945 1828 statu
1969 1797 2049 1828 eccl.
2066 1797 2236 1835 castren„
2259 1798 2392 1831 noviter

790 1848 825 1878 in
842 1848 1068 1880 cathedralem
1094 1850 1224 1886 erectae,
1243 1849 1415 1889 aliquibus
1437 1849 1555 1889 presb.
1568 1851 1601 1881 et
1617 1850 1776 1881 discretis
1793 1850 1877 1881 viris
1893 1851 1935 1881 ad
1953 1859 2055 1882 suum
2070 1851 2254 1883 consilium
2269 1859 2394 1884 convo-

792 1902 887 1938 catis,
908 1902 1139 1933 ordinationes
1155 1902 1311 1933 salubres
1327 1903 1462 1934 studeat
1478 1903 1646 1940 ordinare,
1663 1905 1696 1935 et
1711 1904 1752 1934 de
1768 1903 1840 1935 illis
1854 1913 1928 1944 quae
1937 1904 2145 1936 ordinaverit
2157 1904 2248 1936 infra
2262 1913 2392 1937 annum

790 1955 919 1994 Papam
937 1955 1085 1993 edoceat,
1105 1957 1141 1986 ut
1167 1956 1234 1993 his,
1252 1965 1325 1995 quae
1350 1957 1549 1997 corrigenda
1573 1956 1712 1994 fuerint,
1731 1967 1747 1986 «
1773 1957 1864 1988 limae
1887 1957 2107 1989 correctionis
2126 1967 2143 1988 »
2167 1958 2276 1998 apost.
2292 1957 2392 1990 Sedis

791 2009 969 2047 expositis,
995 2009 1084 2046 aliis,
1111 2018 1185 2048 quae
1208 2009 1361 2040 salubria
1387 2010 1526 2044 fuerint,
1554 2010 1707 2041 firmatas
1728 2007 2054 2050 apostolici'roboris
2071 2013 2272 2051 apponatur.
2291 2011 2343 2052 (A.
2358 2013 2390 2048 9,

791 2061 814 2092 f.
834 2063 893 2092 350
909 2061 939 2096 '³;
963 2061 995 2091 V.
1010 2063 1061 2099 68,
1077 2071 1128 2101 ep.
1150 2063 1255 2103 1498.)

836 2111 945 2143 7678.
966 2133 1003 2137 -
1019 2114 1187 2152 Gallzardo,
1204 2126 1229 2145 s.
1242 2116 1343 2146 Luciae
1355 2117 1387 2146 in
1404 2115 1499 2147 Silice
1512 2116 1592 2147 diac.
1618 2116 1716 2154 card„
1733 2125 1826 2148 conc.
1845 2118 1883 2148 ut
1900 2117 2051 2148 conferat
2061 2116 2123 2148 hac
2147 2117 2222 2149 vice
2238 2125 2393 2157 personae

792 2167 859 2206 ipsi
881 2167 1047 2199 benevisae
1063 2169 1143 2199 eccl.
1162 2178 1190 2199 s.
1208 2170 1361 2200 Medardi
1377 2170 1418 2201 de
1432 2170 1554 2210 Augia‚
1571 2170 1782 2201 Xanctonen.
1802 2170 1864 2206 di.,
1880 2179 1908 2201 c.
1927 2179 1968 2207 c.,
1986 2170 2039 2211 (25
2055 2169 2115 2201 lib.
2131 2171 2226 2209 tun),
2244 2179 2318 2202 vac.
2335 2178 2390 2211 ap.

791 2221 824 2251 S.
840 2222 879 2251 A.
899 2229 958 2260 per
984 2222 1145 2261 resignat.
1163 2232 1182 2253 a
1204 2223 1388 2254 Guillelmo
1413 2223 1454 2254 de
1476 2223 1749 2263 Monteberulphi
1770 2223 1806 2254 in
1832 2223 1992 2254 manibus
2017 2223 2125 2263 ejusd.
2145 2223 2236 2256 card.
2253 2223 2391 2256 factam.

793 2273 844 2312 (A.
865 2275 913 2310 10,
940 2274 963 2304 f.
982 2276 1038 2305 122
1053 2280 1085 2309 3;
1109 2275 1143 2306 V.
1159 2277 1210 2311 68,
1224 2285 1276 2315 ep.
1294 2277 1397 2314 1843.)

837 2324 947 2355 7679.
966 2344 1004 2348 -
1019 2328 1131 2359 Mand.
1150 2338 1220 2369 epp
1239 2329 1409 2361 Florentin.
1429 2330 1465 2360 ut
1475 2329 1612 2369 paroch.
1629 2330 1710 2361 eccl.
1730 2330 1771 2361 de
1790 2338 1817 2360 s.
1835 2329 2032 2369 Sepulchr0‚
2045 2329 2235 2361 Florentin.
2254 2329 2315 2367 di.,
2330 2338 2392 2370 per

792 2380 1030 2411 dimissionem
1050 2390 1069 2411 a
1095 2381 1252 2413 Serberio
1275 2383 1384 2414 Dieda
1404 2383 1504 2423 juxta
1526 2383 1662 2414 constit.
1683 2391 1786 2423 super
1807 2381 1930 2423 plural.
1950 2382 2062 2414 benef.
2083 2382 2207 2414 factam
2224 2392 2311 2421 vac„
2328 2383 2393 2415 Bo·
2414 2389 2417 2393 '

792 2441 925 2463 noanno
941 2433 1078 2464 Cambri
1097 2435 1219 2466 rectori
1242 2436 1324 2466 eccl.
1344 2445 1371 2467 s.
1390 2436 1551 2476 Stephani
1566 2437 1607 2467 de
1622 2436 1792 2476 Apiciana,
1806 2436 1960 2476 eJusdem
1976 2436 2036 2473 di.,
2051 2436 2204 2468 conferre
2220 2437 2390 2476 procuret,

792 2487 949 2525 quamvis
966 2495 1027 2526 per
1053 2487 1138 2518 alias
1154 2488 1221 2519 litt.
1242 2489 1356 2520 datum
1380 2490 1483 2520 fuerit
1502 2490 1536 2520 in
1562 2490 1734 2521 mandatis
1756 2498 1832 2529 ep.o
1850 2490 1980 2521 Lunen.
1996 2490 2033 2520 ut
2057 2490 2167 2521 eamd.
2187 2490 2269 2521 eccl.
2289 2498 2318 2521 s.
2333 2489 2392 2521 Se-

791 2539 925 2578 pulchri
951 2539 1109 2579 Philippo
1127 2542 1337 2573 Benavennae
1354 2543 1393 2574 de
1418 2543 1655 2583 Carmignan0‚
1675 2543 1754 2574 cler.
1771 2542 1955 2574 Pistorien.
1972 2543 2032 2579 di.,
2049 2543 2212 2580 conferat,
2231 2544 2265 2574 et
2280 2543 2392 2574 dictus

793 2600 845 2631 ep.
850 2601 890 2623 us
900 2592 971 2632 Jam
988 2593 1179 2630 contulerit,
1198 2595 1376 2635 dictusque
1391 2596 1572 2635 Philippus
1586 2605 1661 2627 eam
1677 2596 1826 2627 detineat
1834 2597 2030 2635 occupatam
2046 2595 2127 2635 quia
2139 2596 2236 2636 juxta
2252 2595 2391 2628 constit.

791 2645 978 2676 Clementis
993 2646 1058 2677 ΡΡ.
1070 2647 1101 2678 V
1114 2655 1181 2678 non
1197 2649 1333 2687 potuit
1325 2649 1393 2688 ipsi
1410 2649 1594 2680 Bonoanno
1610 2649 1782 2689 provideri
1797 2651 1935 2689 propter
1948 2657 2016 2680 non
2030 2648 2177 2680 factam'
2168 2657 2204 2679 111
2219 2649 2391 2688 praedictis

792 2698 856 2729 litt.
873 2698 1082 2730 mentionem
1100 2701 1189 2739 quod
1206 2702 1298 2732 esset
1324 2702 1396 2732 ord.
1415 2702 1498 2733 min.
1517 2703 1705 2742 professus.
1732 2703 2049 2734 Retromemoratus
2080 2711 2160 2733 vero
2185 2703 2392 2734 Bonoannus

791 2751 967 2790 praefatam
983 2752 1063 2783 eccl.
1083 2761 1110 2783 s.
1128 2753 1288 2793 Stephani
1304 2755 1464 2786 dimittat.
1483 2756 1535 2794 (A.
1547 2757 1596 2792 10,
1613 2755 1636 2786 f
1653 2755 2064 2795 84³3V.68,ep.1914.)

837 2802 946 2834 7680.
965 2823 1004 2828 —
1019 2805 1137 2837 Gratia
1155 2815 1250 2846 exsp.
1269 2808 1425 2847 priorat.‚
1445 2809 1638 2840 administr.
1663 2809 1718 2840 vel
1733 2809 1788 2840 off.
1807 2809 1850 2840 ad
1864 2808 1977 2840 collat.
1994 2807 2070 2839 abb.
2089 2809 2234 2840 monast.
2254 2808 2295 2839 de
2309 2809 2392 2840 Bur-

793 2857 980 2898 godolensi,
997 2858 1037 2891 O.
1052 2859 1085 2890 S.
1099 2859 1152 2896 B„
1166 2860 1350 2892 Bituricen.
1370 2861 1428 2899 di.,
1445 2862 1583 2901 pertin,
1597 2862 1714 2893 Joanni
1729 2862 1925 2899 Mauvoisin.‚
1944 2861 2052 2902 ejusd.
2070 2863 2215 2893 monast.
2231 2870 2336 2900 mon„
2353 2869 2392 2893 ac

792 2911 899 2951 priori
917 2911 1058 2951 priorat.
1073 2913 1114 2944 de
1136 2913 1271 2949 Peres,
1287 2914 1374 2954 (401.
1391 2915 1442 2954 t.)‚
1462 2916 1614 2948 eorumd.
1632 2916 1703 2947 ord.
1723 2917 1756 2947 et
1771 2915 1818 2947 di.
1837 2933 1877 2938 —
1889 2915 1916 2947 I.
1937 2923 1966 2947 e.
1985 2923 2031 2946 m.
2049 2915 2175 2947 decano
2191 2924 2218 2946 s.
2235 2914 2328 2946 Petri
2349 2915 2391 2946 de
