2592 3562
382 275 440 305 116

415 361 519 389 Datum
535 355 725 391 Αυενιὶοηιε.ι

443 463 484 492 30
497 466 580 492 mem.
603 462 691 491 1318.

463 511 509 543 (ιιι
523 509 579 536 kal.
597 508 673 543 apr.)

457 553 488 582 Τ.
505 553 566 580 Xill
583 553 615 586 Ἰ,
630 552 678 588 (7).

527 784 564 812 Ut
584 793 607 811 s.

517 829 547 856 T.
566 829 621 855 XX.

532 1050 566 1077 Ut
587 1058 610 1076 s.

503 1095 532 1121 T.
554 1095 576 1121 x
593 1093 630 1129 (2⁷)

529 1209 565 1237 Ut
581 1217 605 1236 s.

504 1255 535 1282 T.
556 1254 626 1281 XVI.

525 1583 561 1611 Ut
582 1592 605 1611 s.

485 1629 515 1655 T.
538 1629 570 1662 X,
587 1628 646 1656 xn.

525 1796 561 1824 Ut
582 1805 605 1824 s.

526 2010 562 2037 Ut
580 2018 605 2038 s.

469 2055 500 2082 T.
517 2055 577 2088 xil,
596 2055 666 2082 XIV.

530 2918 563 2945 Ut
582 2926 606 2945 s.

459 2962 489 2989 Τ.
508 2962 579 2996 xiv,
595 2961 666 2989 XVI.

785 272 959 304 JOANNIS
982 272 1101 304 PAPAE
1122 271 1224 303 XXII.
1249 272 1497 311 (1816-1834).
1520 290 1559 296 —
1580 271 1768 303 LITTERAE
1790 271 2016 304 COMMUNES

857 459 967 491 6773.
987 479 1024 484 ——
1043 460 1173 493 Caealdo
1187 459 1224 491 de
1242 459 1406 490 Tribisatio
1421 458 1509 491 conf.
1526 467 1645 490 canon.
1663 459 1744 490 eccl.
1757 459 1932 491 Tarentin.
1946 459 2011 491 sub
2023 468 2120 500 exsp.
2137 459 2253 500 praeb.,
2271 461 2325 500 (40
2339 470 2414 494 uno.

813 515 900 554 auri)
911 526 919 553 ;
942 524 1007 546 non
1023 514 1111 546 obst.
1138 514 1227 553 quod
1255 513 1289 544 in
1308 513 1390 544 eccl.
1406 513 1591 544 Cassanen.
1611 512 1824 548 decanatum,
1841 521 1960 544 canon.
1980 514 2014 544 et
2030 512 2147 553 praeb.,
2165 514 2251 545 acin
2269 514 2315 546 di.
2332 516 2415 547 Cas·

813 577 928 599 sanen.
948 568 1100 607 quaedam
1120 566 1253 597 modica
1269 565 1379 597 benef.
1400 564 1564 601 obtineat,
1581 565 1614 596 et
1634 564 1676 596 ab
1692 564 1781 604 epis
1796 564 1960 605 vigilien.
1977 567 2010 596 et
2034 566 2224 607 Anglonen.
2243 567 2329 598 duas
2346 576 2415 599 mo-

813 622 906 652 dicas
920 621 1102 661 pensiones
1117 619 1281 659 percipiat
1297 618 1484 654 annuatim,
1503 626 1649 658 quorum
1666 617 1818 649 omnium
1838 617 2000 650 fructusss
2015 619 2133 650 uncias
2149 620 2223 651 auri
2239 620 2362 652 valent.
2377 636 2416 643 —

814 676 838 706 1.
859 683 887 705 e.
910 683 953 705 m.
972 673 1134 713 vigilien.
1155 674 1188 703 et
1206 671 1395 711 Anglonen.
1416 671 1515 711 epis,
1547 679 1586 702 ac
1603 678 1690 711 mag.
1716 670 1864 702 Geraldo
1885 671 1926 702 de
1941 671 2035 708 Laio,
2057 680 2132 703 can.
2146 672 2415 712 Claromonlen„

814 728 881 758 ΡΡ.
898 735 970 766 cap.
994 727 1048 766 (A.
1067 728 1136 763 115,
1155 725 1176 756 f.
1200 726 1256 756 138
1271 724 1309 761 b;
1334 724 1365 756 V.
1383 726 1435 762 67,
1454 732 1507 765 ep.
1522 723 1610 764 661.)

858 776 967 808 6774.
990 797 1029 802 -
1047 778 1208 809 Guillelmo
1226 777 1263 809 de
1292 777 1449 813 Chanaco,
1474 777 1531 818 leq.
1548 777 1725 818 professori,
1739 777 1959 809 confirmatur
1975 777 2089 810 collat.
2114 778 2294 811 archidiac.
2312 779 2420 820 majo-

814 835 861 864 ris
879 833 958 864 eccl.
977 832 1159 868 Parisien„
1176 840 1236 871 per
1261 831 1342 862 obit.
1361 831 1452 863 Petri
1479 831 1520 862 de
1543 830 1760 862 Claromonte
1782 839 1855 861 vac.
1869 839 1879 867 ;
1901 840 1976 870 quae
1989 831 2102 863 collat.
2123 832 2212 864 dicto
2229 831 2417 864 Guilleimo

810 887 878 926 jam
895 887 983 917 facta
998 886 1061 916 fuit
1079 885 1120 916 ab
1138 894 1214 924 ep.o
1230 885 1413 921 Parisien.,
1432 886 1614 924 postquam
1628 883 1940 916 archidiaconatum
1959 884 2048 916 Briae
2061 884 2095 916 in
2112 885 2203 917 dicta
2221 885 2301 917 eccl.
2319 885 2419 917 ‹iimi-

813 940 908 970 serit.
927 940 1055 971 Verum
1071 938 1272 978 quiadictus
1298 938 1423 969 Petrus
1438 938 1472 969 S.
1492 939 1533 969 A.
1553 937 1662 968 suerat
1676 945 1763 976 cap„
1779 936 1913 968 dubitat
1927 937 2136 970 Guillelmus
2153 938 2194 970 de
2215 938 2418 970 efficacitate

813 994 908 1024 illius
925 993 1039 1024 collat.
1053 993 1105 1032 (A.
1124 994 1153 1029 8,
1174 991 1198 1022 f.
1215 992 1275 1023 295
1288 996 1320 1029 ⁸3
1342 991 1380 1022 V.
1398 993 1450 1027 67,
1470 1000 1523 1030 ep.
1540 990 1626 1030 670.)
1800 1027 1804 1032 .

857 1043 966 1075 6775.
987 1064 1024 1069 —
1040 1045 1079 1076 N.
1099 1055 1127 1075 v.
1143 1045 1296 1075 Aimerico
1317 1044 1391 1075 dmo
1410 1043 1599 1080 Rossilionis,
1615 1047 1644 1074 et
1666 1042 1796 1073 Joannae
1811 1048 1890 1073 παίω
1904 1053 1935 1073 n.
1955 1053 1983 1075 v.
1999 1043 2129 1074 loannis
2148 1045 2266 1075 comitis
2288 1044 2416 1084 Furem,

815 1100 978 1131 Viennen.
995 1101 1027 1130 et
1052 1099 1251 1139 Lugdunen.
1270 1098 1331 1134 di.,
1352 1097 1504 1137 dispens.
1526 1106 1629 1136 super
1642 1101 1695 1127 111⁰
1710 1105 1752 1128 ex
1768 1105 1835 1128 uno
1852 1092 1958 1128 latere
1975 1098 2009 1128 et
2034 1102 2080 1128 (ν’
2095 1106 2138 1129 ex
2157 1097 2264 1129 altero
2279 1106 2418 1130 consan-

812 1153 904 1193 guin.
922 1152 1083 1193 gradibus
1099 1152 1135 1183 in
1154 1151 1302 1183 matrim.
1322 1151 1561 1182 contrahendo.
1580 1150 1631 1189 (A.
1651 1151 1681 1188 8,
1700 1150 1722 1181 f.
1739 1151 1798 1182 297
1811 1155 1825 1171 ⁸
1835 1159 1845 1186 3
1872 1149 1904 1180 V.
1923 1151 1974 1187 67,
1993 1159 2045 1190 ep.
2061 1150 2150 1188 678.)

856 1204 967 1236 6776.
986 1223 1026 1229 -
1041 1205 1153 1237 Mand.
1167 1204 1399 1246 inquisitoribus
1409 1204 1560 1235 lzaereticae
1566 1204 1739 1244 pravitatis
1752 1203 1786 1234 in
1795 1202 1941 1244 partibus
1952 1203 2170 1236 Carcassonen.
2183 1205 2222 1236 ut
2234 1204 2420 1244 procedant

812 1262 928 1292 contra
945 1259 1155 1291 Aimericum
1172 1259 1214 1290 de
1231 1258 1351 1290 Castro
1375 1257 1581 1298 burgensem
1598 1256 1842 1289 Carcassonen.
1863 1258 1896 1288 et
1913 1257 2078 1297 quosdam
2092 1257 2180 1289 alios
2196 1257 2268 1298 qui,
2285 1257 2416 1298 iniquo·

812 1323 887 1345 rum
904 1321 1126 1354 processuum
1141 1321 1202 1352 per
1214 1312 1323 1343 dictos
1338 1311 1560 1351 inquisitores
1573 1310 1815 1342 fabricatorum
1827 1312 1996 1349 pretextu,
2009 1310 2073 1342 sub
2082 1311 2293 1350 protectione
2303 1310 2338 1342 b.
2351 1319 2417 1343 me.
2478 1311 2507 1334 ἶ

811 1368 903 1399 Petri
922 1367 989 1407 epi
1007 1366 1225 1402 Praenestin.‚
1243 1367 1324 1396 tunc
1339 1367 1378 1396 tt.
1397 1365 1430 1396 S.
1450 1364 1587 1400 vitalis,
1601 1366 1633 1395 et
1649 1363 1846 1404 Berengarii
1861 1365 1929 1403 ep.i
1950 1363 2147 1401 Tuscu1an.,
2162 1365 2243 1396 tunc
2260 1373 2289 1395 s.
2305 1373 2334 1396 s.
2351 1363 2418 1397 Ne·
2482 1363 2502 1389 s·

813 1422 861 1452 rei
873 1422 906 1452 et
920 1420 1065 1451 Achillei
1080 1419 1193 1459 presb.
1211 1419 1315 1456 card,
1329 1427 1388 1458 per
1404 1418 1614 1449 Clementem
1626 1418 1655 1448 V
1667 1417 1862 1457 specialiter
1873 1417 2123 1456 deputatorum,
2136 1426 2175 1448 ac
2184 1417 2282 1449 Sedis
2297 1418 2417 1458 Apost.

813 1474 937 1514 recepti
954 1474 1099 1510 fuerant,
1120 1481 1159 1504 eo
1180 1473 1261 1512 quia
1281 1471 1422 1511 praefata
1446 1471 1654 1511 protectione
1676 1471 1787 1502 securi
1808 1479 1946 1501 causam
1966 1470 2161 1510 huJusmodi
2179 1470 2340 1511 prosequi
2362 1479 2417 1503 ne-

812 1529 999 1568 glexerant.
1019 1527 1070 1565 (A.
1094 1527 1125 1562 8,
1149 1526 1171 1556 f.
1188 1527 1288 1560 40523
1310 1525 1346 1556 V.
1366 1527 1418 1562 67,
1434 1533 1486 1564 ep.
1507 1524 1594 1564 728.)

857 1579 969 1610 6777.
986 1599 1024 1603 -
1040 1580 1185 1612 Collatio
1194 1587 1312 1610 canon.
1323 1578 1404 1609 eccl.
1416 1578 1601 1613 Valentin.,
1613 1577 1725 1617 inqua
1733 1579 1846 1608 certus
1855 1585 1928 1608 can.
1940 1585 2103 1608 numerus
2112 1579 2146 1609 et
2158 1577 2417 1617 praebendarum
2435 1574 2447 1578 ”
2484 1567 2506 1597 s

813 1634 987 1666 distinctio
1000 1643 1066 1665 non
1078 1633 1256 1669 habentur,
1272 1632 1401 1663 consid.
1418 1640 1451 1662 n.
1465 1640 1495 1662 V.
1509 1630 1652 1662 Joannis
1662 1630 1798 1662 comitis
1813 1631 1949 1668 Foren.,
1962 1629 2104 1661 Amoldo
2117 1630 2154 1662 de
2166 1630 2284 1662 Solone
2301 1630 2340 1662 de
2357 1630 2419 1662 Va·

813 1689 906 1718 lentia
919 1688 1030 1727 ipsius
1045 1687 1125 1718 cler.
1141 1704 1179 1708 —
1192 1686 1217 1717 Ι.
1233 1694 1262 1716 e.
1280 1694 1324 1716 m.
1341 1693 1368 1716 s.
1384 1684 1558 1716 Laurentii
1572 1684 1893 1723 Gratianopolitan„
1907 1685 1940 1715 et
1952 1684 1993 1715 de
2005 1683 2230 1720 Bellomonte‚
2242 1684 2416 1717 Valentin.
2481 1673 2504 1727 „f

813 1742 871 1775 di.,
891 1740 1076 1781 prioribus,
1097 1749 1134 1771 ac
1151 1739 1336 1771 Guillelmo
1353 1738 1393 1769 de
1412 1738 1550 1769 Groleia
1567 1746 1639 1769 can.
1658 1737 1830 1769 Valentin.
1852 1737 1904 1775 (A.
1924 1738 1954 1773 8‘,
1974 1737 1997 1768 f.
2018 1737 2121 1781 ⁴423:
2143 1737 2177 1768 V.
2191 1739 2243 1773 67,
2259 1745 2313 1778 ep.
2331 1737 2419 1778 845.)

857 1792 967 1823 6778.
986 1812 1022 1817 -
1039 1794 1122 1825 Ead.
1141 1793 1250 1833 gratia
1275 1792 1309 1823 in
1325 1791 1405 1823 eccl.
1426 1800 1453 1822 s.
1473 1791 1572 1822 Pauli
1590 1791 1789 1831 Lugdunen.
1809 1790 1939 1822 consid.
1957 1790 2109 1830 praedicti
2125 1791 2262 1822 comitis
2279 1791 2418 1830 Foren„
2480 1782 2505 1835 js

814 1849 906 1879 Petro
931 1847 1020 1879 Calvi
1037 1847 1148 1886 ipsius
1168 1846 1248 1877 cler.
1268 1863 1307 1868 -
1326 1846 1353 1876 Ι.
1375 1853 1404 1875 e.
1424 1854 1468 1875 m.
1485 1845 1589 1884 priori
1606 1847 1752 1875 monast.
1776 1844 1818 1875 de
1837 1852 1863 1875 s.
1881 1845 2035 1875 Romano
2051 1843 2086 1875 in
2101 1843 2220 1882 Podio,
2239 1845 2272 1876 et
2290 1843 2418 1876 decano
2455 1851 2458 1853 ’
2492 1853 2493 1856 ’

812 1903 852 1933 de
877 1900 1154 1935 Montebrisonis,
1175 1899 1374 1939 Lugdunen.
1396 1898 1458 1935 di.,
1476 1907 1514 1929 ac
1530 1898 1682 1929 sacristae
1703 1897 1816 1929 saecul.
1834 1906 1863 1928 s.
1877 1897 1970 1928 Justi
1987 1897 2068 1928 eccl.
2090 1897 2287 1937 Lugdunen.
2308 1897 2362 1937 (A.
2383 1899 2415 1935 8,

813 1956 834 1986 f.
851 1957 911 1987 475
925 1960 957 1990 ³3
982 1954 1013 1984 V.
1031 1956 1082 1990 67,
1097 1962 1149 1993 ep.
1171 1954 1256 1991 861.)

857 2006 967 2037 6779.
984 2026 1022 2029 -
1038 2007 1159 2037 Ιὶεεανιο
1173 2012 1200 2036 et
1213 2007 1308 2047 capit.
1327 2004 1399 2037 eccl.
1417 2005 1453 2036 S.
1470 2004 1513 2035 M.
1529 2005 1566 2036 de
1581 2003 1826 2039 Montebrisonis‚
1838 2003 2020 2044 Luqdunen.
2035 2002 2079 2034 di.
2097 2021 2136 2026 —
2146 2003 2318 2044 Exposuit
2333 2011 2368 2036 u.
2383 2012 2416 2044 v.
2478 1982 2506 2044 ἶ]

811 2063 960 2093 Joannes
983 2069 1096 2092 comes
1119 2061 1240 2091 Foren.
1266 2059 1355 2099 quod
1379 2058 1502 2096 Guido‚
1523 2058 1719 2098 progenitor
1734 2065 1829 2094 suus,
1848 2057 1972 2088 dictam
1990 2057 2071 2088 eccl.
2090 2057 2311 2089 constitutam
2328 2057 2419 2089 infra
2485 2069 2499 2088 .;

813 2115 940 2146 limites
959 2114 1126 2154 parochias
1154 2114 1233 2144 eccl.
1255 2113 1295 2144 de
1319 2112 1490 2149 Modonio‚
1516 2111 1701 2151 spectantis
1720 2111 1760 2142 ad
1781 2110 1969 2150 prioratum
1992 2110 2034 2141 de
2058 2110 2270 2150 Savigniaco,
2287 2110 2418 2152 Lugdu·
2464 2119 2488 2135 ’>

813 2178 887 2199 nen.
904 2168 965 2204 di.,
984 2167 1173 2207 subjectum
1193 2167 1337 2197 monast.
1358 2165 1521 2202 Casaedei,
1540 2165 1580 2197 Ο.
1597 2164 1630 2196 S.
1653 2162 1705 2201 B„
1723 2163 1974 2195 Claromonten.
1990 2163 2050 2198 di.,
2067 2163 2108 2195 de
2123 2163 2263 2195 licentia
2284 2163 2419 2204 Lugdu-

813 2231 888 2253 nen.
910 2221 1072 2260 archiep.i
1091 2220 1283 2251 construxit
1302 2219 1342 2250 de
1360 2218 1459 2250 bonis
1475 2218 1626 2258 propriis
1643 2219 1676 2249 et
1694 2217 1835 2248 dotavit.
1851 2217 1894 2247 Et
1907 2217 2126 2256 postmodum
2147 2216 2254 2248 abbas
2270 2218 2304 2249 et
2317 2225 2415 2249 conv.
2474 2214 2499 2250 ἶ,

812 2275 944 2315 praefati
965 2276 1109 2305 monast.
1129 2274 1170 2305 ad
1193 2273 1305 2313 ipsius
1324 2271 1524 2303 instantiam
1547 2271 1682 2302 comitis
1705 2270 1913 2302 cimiterium
1935 2270 2009 2301 fieri
2029 2269 2064 2301 in
2080 2269 2171 2301 dicta
2187 2270 2268 2302 eccl.
2291 2269 2356 2302 sub
2378 2278 2419 2302 en
2493 2281 2511 2317 ’Ἴ

811 2328 1004 2360 conditione
1025 2328 1238 2359 concesserat
1254 2328 1291 2357 ut
1317 2326 1352 2356 in
1375 2334 1415 2357 eo
1438 2334 1580 2365 corpora
1600 2333 1673 2356 can.
1691 2324 1724 2356 et
1742 2324 1823 2355 cler.
1846 2323 1959 2363 ipsius
1977 2323 2057 2355 eccl.
2086 2332 2272 2364 eorumque
2292 2323 2416 2362 famil„

811 2382 994 2413 dummodo
1010 2381 1145 2412 oriundi
1163 2389 1229 2411 non
1247 2380 1363 2411 essent
1385 2379 1425 2410 de
1451 2378 1564 2418 ipsius
1579 2377 1738 2418 parochia
1754 2377 1939 2417 prioratus,
1954 2377 2188 2408 tantummodo
2203 2378 2347 2416 possent
2361 2385 2416 2409 se-

810 2435 910 2475 peliri
920 2445 928 2471 3
947 2435 1104 2475 quodque
1122 2434 1339 2474 postmodum
1358 2433 1454 2464 fe.re.
1472 2432 1676 2464 Benedictus
1691 2431 1772 2462 Ρ.Ρ.
1789 2431 1849 2467 ΧΙ,
1866 2431 1908 2462 ad
1920 2430 2032 2470 ipsius
2049 2430 2185 2462 comitis
2203 2429 2415 2468 instantiam,
2479 2430 2490 2439 “

810 2489 929 2520 statuit
951 2490 984 2520 et
1002 2487 1172 2519 ordinavit
1188 2489 1225 2518 ut
1238 2487 1311 2518 ead.
1329 2487 1411 2518 eccl.
1430 2486 1555 2517 extunc
1572 2485 1766 2517 conditione
1785 2492 1854 2515 non
1872 2483 1960 2515 obst.
1977 2483 2139 2524 praedicta
2154 2483 2299 2515 liberam
2313 2482 2417 2516 habe-
2463 2477 2496 2520 ,ἰ

809 2544 860 2574 ret
874 2550 969 2582 perp.
988 2541 1114 2572 futuris
1131 2540 1344 2580 temporibus
1357 2540 1580 2580 sepulturam.
1597 2538 1686 2576 Quia
1702 2546 1782 2569 vero
1795 2537 1832 2568 in
1842 2537 1970 2568 litteris
1984 2536 2094 2576 ejusd.
2106 2537 2175 2568 ΡΡ.
2190 2545 2251 2576 per
2263 2544 2417 2569 errorem
2445 2547 2450 2551 ⁴

809 2597 976 2627 insertum
990 2596 1042 2626 est
1061 2594 1151 2634 quod
1166 2593 1198 2624 b.
1216 2602 1281 2624 me.
1297 2594 1473 2625 Romanus
1491 2601 1520 2624 s.
1538 2591 1661 2632 Angeli
1679 2591 1766 2624 diac.
1787 2591 1892 2627 card„
1909 2591 1990 2622 tunc
2006 2590 2041 2621 in
2057 2590 2130 2621 illis
2144 2589 2302 2630 partibus
2317 2590 2359 2622 A.
2377 2589 2414 2622 S.

807 2650 952 2690 legatus,
977 2648 1061 2679 eisd.
1087 2647 1212 2679 decano
1229 2648 1262 2678 et
1281 2647 1382 2686 capit.
1410 2645 1557 2677 habendi
1574 2644 1805 2676 coemeterium
1822 2645 2040 2675 concesserat
2061 2643 2269 2681 facultatem,
2285 2651 2362 2675 cum
2378 2639 2416 2675 id

808 2702 951 2734 veritate
969 2700 1074 2733 abbas
1092 2702 1125 2732 et
1140 2709 1235 2732 conv.
1254 2700 1407 2740 praedicti
1424 2701 1571 2731 monast.
1586 2699 1682 2730 illam
1701 2697 1963 2734 concessissent,
1982 2696 2133 2728 decernit
2150 2697 2230 2728 Ρ.Ρ.
2244 2697 2282 2728 ut
2300 2704 2416 2729 erroro
2463 2691 2495 2736 -J

808 2765 876 2787 non
891 2755 980 2787 obst.
998 2754 1160 2794 praedicto
1174 2753 1353 2793 praemissa
1368 2753 1504 2792 plenam
1519 2753 1553 2784 et
1568 2760 1664 2792 perp.
1681 2751 1827 2782 habeant
1843 2749 1980 2782 roburis
2001 2750 2210 2781 firmitatem.
2226 2767 2264 2772 —
2275 2749 2302 2781 Ι.
2320 2758 2349 2781 e.
2360 2757 2415 2782 ιω.
2476 2763 2497 2795 33

809 2809 884 2841 abb.
901 2809 1048 2840 monast.
1063 2807 1103 2838 de
1119 2806 1313 2841 Bellavilla,
1329 2806 1530 2846 Lugdunen.
1547 2805 1608 2841 di.,
1623 2806 1657 2836 et
1668 2804 1776 2845 priori
1791 2813 1820 2835 s.
1836 2803 1931 2835 Petri
1946 2803 2183 2840 Matisconen.‚
2198 2811 2236 2834 ac
2252 2803 2412 2842 praecent.

808 2862 889 2894 eccl.
905 2861 1105 2902 Lugdunen.
1121 2860 1174 2909 (A.
1187 2861 1219 2896 8,
1232 2859 1254 2890 f.
1267 2861 1328 2891 476
1339 2859 1369 2895 ¹³;
1390 2858 1424 2889 V.
1438 2861 1489 2896 67,
1504 2867 1557 2898 ep.
1572 2858 1659 2898 863.)
2471 2883 2486 2893 ἶ

853 2917 864 2928 ’
878 2912 990 2945 6780.
1006 2932 1044 2938 --
1057 2913 1216 2954 Stephano
1227 2917 1299 2943 nato
1309 2923 1340 2942 n.
1359 2923 1388 2944 v.
1405 2912 1545 2953 Huqonis
1559 2911 1636 2942 dicti
1650 2910 1836 2946 Malivicim',
1849 2919 1918 2941 can.
1932 2909 1964 2940 Ε
1965 2908 2145 2947 ῠνεάιιηεη.,
2160 2909 2299 2941 obtentu
2313 2909 2415 2941 Joan-
2475 2903 2488 2956 ζ

809 2970 863 3000 nis
878 2968 1014 3000 comitis
1030 2968 1166 3004 Foren.‚
1181 2975 1277 3006 prov,
1296 2966 1387 3006 dign.
1405 2975 1433 2997 c.
1453 2974 1481 2996 c.
1498 2965 1553 2996 vel
1570 2973 1598 2996 s.
1616 2974 1645 2996 c.
1662 2965 1698 2995 in
1714 2964 1796 2996 eccl.
1813 2963 1959 2995 AEduen.
1973 2971 2046 2994 vac.
2063 2963 2122 2994 aut
2141 2964 2265 2999 vacat.;
2283 2963 2413 2996 attento
2475 2967 2499 2986 v*
