<?xml version="1.0" encoding="UTF-8"?>
<!DOCTYPE html PUBLIC "-//W3C//DTD XHTML 1.0 Transitional//EN"
    "http://www.w3.org/TR/xhtml1/DTD/xhtml1-transitional.dtd">
<html xmlns="http://www.w3.org/1999/xhtml" xml:lang="en" lang="en">
 <head>
  <title>
</title>
<meta http-equiv="Content-Type" content="text/html;charset=utf-8" />
  <meta name='ocr-system' content='tesseract 3.04.00' />
  <meta name='ocr-capabilities' content='ocr_page ocr_carea ocr_par ocr_line ocrx_word'/>
</head>
<body>
  <div class='ocr_page' id='page_1' title='image "./lettrescommunes02romeuoft_0423.png"; bbox 0 0 2592 3562; ppageno 0'>
   <div class='ocr_carea' id='block_1_1' title="bbox 0 0 115 3562">
    <p class='ocr_par' dir='ltr' id='par_1_1' title="bbox 0 0 115 3562">
     <span class='ocr_line' id='line_1_1' title="bbox 0 0 115 3562; baseline 0 0"><span class='ocrx_word' id='word_1_1' title='bbox 0 0 115 3562; x_wconf 95' lang='lat' dir='ltr'><strong> </strong></span> 
     </span>
    </p>
   </div>
   <div class='ocr_carea' id='block_1_2' title="bbox 266 426 567 460">
    <p class='ocr_par' dir='ltr' id='par_1_2' title="bbox 266 426 567 460">
     <span class='ocr_line' id='line_1_2' title="bbox 266 426 567 460; baseline 0.003 -2"><span class='ocrx_word' id='word_1_2' title='bbox 266 432 369 459; x_wconf 81' lang='lat' dir='ltr'><strong>Datum</strong></span> <span class='ocrx_word' id='word_1_3' title='bbox 384 426 567 460; x_wconf 80' lang='lat' dir='ltr'><strong>Avenione.</strong></span> 
     </span>
    </p>
   </div>
   <div class='ocr_carea' id='block_1_3' title="bbox 378 497 459 501">
    <p class='ocr_par' dir='ltr' id='par_1_3' title="bbox 378 497 459 501">
     <span class='ocr_line' id='line_1_3' title="bbox 378 497 459 501; baseline 0 0"><span class='ocrx_word' id='word_1_4' title='bbox 378 497 459 501; x_wconf 95' lang='lat' dir='ltr'><strong> </strong></span> 
     </span>
    </p>
   </div>
   <div class='ocr_carea' id='block_1_4' title="bbox 260 532 584 569">
    <p class='ocr_par' dir='ltr' id='par_1_4' title="bbox 260 532 584 569">
     <span class='ocr_line' id='line_1_4' title="bbox 260 532 584 569; baseline -0.003 -8"><span class='ocrx_word' id='word_1_5' title='bbox 260 534 297 561; x_wconf 72' lang='lat'><strong>14</strong></span> <span class='ocrx_word' id='word_1_6' title='bbox 311 533 344 569; x_wconf 85' lang='lat'><strong>(11</strong></span> <span class='ocrx_word' id='word_1_7' title='bbox 358 533 410 568; x_wconf 84' lang='lat' dir='ltr'><strong>id.)</strong></span> <span class='ocrx_word' id='word_1_8' title='bbox 420 533 478 568; x_wconf 82' lang='lat' dir='ltr'><strong>jul.</strong></span> <span class='ocrx_word' id='word_1_9' title='bbox 496 532 584 560; x_wconf 70' lang='lat'>1319.</span> 
     </span>
    </p>
   </div>
   <div class='ocr_carea' id='block_1_5' title="bbox 330 577 510 610">
    <p class='ocr_par' dir='ltr' id='par_1_5' title="bbox 330 577 510 610">
     <span class='ocr_line' id='line_1_5' title="bbox 330 577 510 610; baseline -0.006 -5"><span class='ocrx_word' id='word_1_10' title='bbox 330 578 360 605; x_wconf 92' lang='grc' dir='ltr'><strong>Τ.</strong></span> <span class='ocrx_word' id='word_1_11' title='bbox 377 578 423 610; x_wconf 84' lang='grc' dir='ltr'><strong>ΧΙ,</strong></span> <span class='ocrx_word' id='word_1_12' title='bbox 438 577 510 604; x_wconf 90' lang='lat' dir='ltr'><strong>XIII.</strong></span> 
     </span>
    </p>
   </div>
   <div class='ocr_carea' id='block_1_6' title="bbox 325 745 522 824">
    <p class='ocr_par' dir='ltr' id='par_1_6' title="bbox 325 745 522 824">
     <span class='ocr_line' id='line_1_6' title="bbox 377 745 464 773; baseline -0.011 0"><span class='ocrx_word' id='word_1_13' title='bbox 377 745 413 773; x_wconf 84' lang='lat' dir='ltr'><strong>Ut</strong></span> <span class='ocrx_word' id='word_1_14' title='bbox 440 753 464 772; x_wconf 87' lang='lat' dir='ltr'><strong>s.</strong></span> 
     </span>
     <span class='ocr_line' id='line_1_7' title="bbox 325 789 522 824; baseline 0 -7"><span class='ocrx_word' id='word_1_15' title='bbox 325 790 355 817; x_wconf 90' lang='lat' dir='ltr'><strong>T.</strong></span> <span class='ocrx_word' id='word_1_16' title='bbox 375 790 448 824; x_wconf 89' lang='lat' dir='ltr'><strong>XIII,</strong></span> <span class='ocrx_word' id='word_1_17' title='bbox 465 789 522 817; x_wconf 86' lang='lat' dir='ltr'>XV.</span> 
     </span>
    </p>
   </div>
   <div class='ocr_carea' id='block_1_7' title="bbox 281 1118 566 1155">
    <p class='ocr_par' dir='ltr' id='par_1_7' title="bbox 281 1118 566 1155">
     <span class='ocr_line' id='line_1_8' title="bbox 281 1118 566 1155; baseline -0.007 -8"><span class='ocrx_word' id='word_1_18' title='bbox 281 1118 315 1147; x_wconf 69' lang='grc' dir='ltr'><strong>ιε</strong></span> <span class='ocrx_word' id='word_1_19' title='bbox 329 1118 391 1155; x_wconf 87' lang='lat' dir='ltr'><strong>(id.)</strong></span> <span class='ocrx_word' id='word_1_20' title='bbox 401 1118 459 1153; x_wconf 78' lang='lat' dir='ltr'><strong>jul.</strong></span> <span class='ocrx_word' id='word_1_21' title='bbox 479 1118 566 1146; x_wconf 74' lang='lat'><strong>1319.</strong></span> 
     </span>
    </p>
   </div>
   <div class='ocr_carea' id='block_1_8' title="bbox 367 1970 488 2042">
    <p class='ocr_par' dir='ltr' id='par_1_8' title="bbox 367 1970 488 2042">
     <span class='ocr_line' id='line_1_9' title="bbox 391 1970 467 1998; baseline -0.026 0"><span class='ocrx_word' id='word_1_22' title='bbox 391 1970 428 1998; x_wconf 90' lang='lat' dir='ltr'><strong>Ut</strong></span> <span class='ocrx_word' id='word_1_23' title='bbox 443 1977 467 1996; x_wconf 88' lang='lat' dir='ltr'><strong>s.</strong></span> 
     </span>
     <span class='ocr_line' id='line_1_10' title="bbox 367 2014 488 2042; baseline 0 0"><span class='ocrx_word' id='word_1_24' title='bbox 367 2015 398 2042; x_wconf 90' lang='lat' dir='ltr'>T.</span> <span class='ocrx_word' id='word_1_25' title='bbox 418 2014 488 2042; x_wconf 87' lang='lat' dir='ltr'>XVI.</span> 
     </span>
    </p>
   </div>
   <div class='ocr_carea' id='block_1_9' title="bbox 323 2236 537 2315">
    <p class='ocr_par' dir='ltr' id='par_1_9' title="bbox 323 2236 537 2315">
     <span class='ocr_line' id='line_1_11' title="bbox 394 2236 473 2264; baseline -0.013 0"><span class='ocrx_word' id='word_1_26' title='bbox 394 2236 432 2264; x_wconf 90' lang='lat' dir='ltr'><strong>Ut</strong></span> <span class='ocrx_word' id='word_1_27' title='bbox 448 2245 473 2264; x_wconf 80' lang='lat' dir='ltr'><strong>s.</strong></span> 
     </span>
     <span class='ocr_line' id='line_1_12' title="bbox 323 2280 537 2315; baseline -0.005 -7"><span class='ocrx_word' id='word_1_28' title='bbox 323 2281 353 2308; x_wconf 91' lang='lat' dir='ltr'><strong>T.</strong></span> <span class='ocrx_word' id='word_1_29' title='bbox 369 2281 427 2315; x_wconf 88' lang='lat' dir='ltr'><strong>XX,</strong></span> <span class='ocrx_word' id='word_1_30' title='bbox 442 2280 537 2308; x_wconf 83' lang='lat' dir='ltr'>xxlv.</span> 
     </span>
    </p>
   </div>
   <div class='ocr_carea' id='block_1_10' title="bbox 370 2503 492 2575">
    <p class='ocr_par' dir='ltr' id='par_1_10' title="bbox 370 2503 492 2575">
     <span class='ocr_line' id='line_1_13' title="bbox 390 2503 469 2531; baseline 0 0"><span class='ocrx_word' id='word_1_31' title='bbox 390 2503 427 2531; x_wconf 91' lang='lat' dir='ltr'><strong>Ut</strong></span> <span class='ocrx_word' id='word_1_32' title='bbox 444 2511 469 2531; x_wconf 82' lang='lat' dir='ltr'><strong>s.</strong></span> 
     </span>
     <span class='ocr_line' id='line_1_14' title="bbox 370 2547 492 2575; baseline -0.016 0"><span class='ocrx_word' id='word_1_33' title='bbox 370 2547 401 2575; x_wconf 87' lang='lat' dir='ltr'><strong>T.</strong></span> <span class='ocrx_word' id='word_1_34' title='bbox 422 2547 492 2575; x_wconf 88' lang='lat' dir='ltr'>XVI.</span> 
     </span>
    </p>
   </div>
   <div class='ocr_carea' id='block_1_11' title="bbox 307 2608 562 2726">
    <p class='ocr_par' dir='ltr' id='par_1_11' title="bbox 307 2608 562 2726">
     <span class='ocr_line' id='line_1_15' title="bbox 322 2608 541 2643; baseline 0.005 -7"><span class='ocrx_word' id='word_1_35' title='bbox 322 2609 359 2636; x_wconf 79' lang='lat'><strong>16</strong></span> <span class='ocrx_word' id='word_1_36' title='bbox 371 2609 431 2643; x_wconf 85' lang='lat' dir='ltr'>jul.</span> <span class='ocrx_word' id='word_1_37' title='bbox 451 2608 541 2637; x_wconf 73' lang='lat'><strong>1319.</strong></span> 
     </span>
     <span class='ocr_line' id='line_1_16' title="bbox 307 2652 562 2689; baseline -0.004 -8"><span class='ocrx_word' id='word_1_38' title='bbox 307 2654 384 2689; x_wconf 83' lang='lat' dir='ltr'><strong>(xvn</strong></span> <span class='ocrx_word' id='word_1_39' title='bbox 403 2652 462 2680; x_wconf 82' lang='lat' dir='ltr'><strong>kal.</strong></span> <span class='ocrx_word' id='word_1_40' title='bbox 480 2653 562 2689; x_wconf 85' lang='lat' dir='ltr'><strong>aug.)</strong></span> 
     </span>
     <span class='ocr_line' id='line_1_17' title="bbox 379 2698 488 2726; baseline 0.009 -1"><span class='ocrx_word' id='word_1_41' title='bbox 379 2698 411 2726; x_wconf 89' lang='lat' dir='ltr'>T.</span> <span class='ocrx_word' id='word_1_42' title='bbox 432 2698 488 2726; x_wconf 88' lang='lat' dir='ltr'><strong>XX.</strong></span> 
     </span>
    </p>
   </div>
   <div class='ocr_carea' id='block_1_12' title="bbox 631 461 638 1200">
    <p class='ocr_par' dir='ltr' id='par_1_12' title="bbox 631 461 638 1200">
     <span class='ocr_line' id='line_1_18' title="bbox 631 461 638 1200; baseline 0 0"><span class='ocrx_word' id='word_1_43' title='bbox 631 461 638 1200; x_wconf 95' lang='lat' dir='ltr'><strong> </strong></span> 
     </span>
    </p>
   </div>
   <div class='ocr_carea' id='block_1_13' title="bbox 630 340 2247 384">
    <p class='ocr_par' dir='ltr' id='par_1_13' title="bbox 630 340 2247 384">
     <span class='ocr_line' id='line_1_19' title="bbox 630 340 2247 384; baseline 0.008 -14"><span class='ocrx_word' id='word_1_44' title='bbox 630 340 802 371; x_wconf 90' lang='lat' dir='ltr'><strong>JOANNIS</strong></span> <span class='ocrx_word' id='word_1_45' title='bbox 826 341 943 371; x_wconf 85' lang='lat' dir='ltr'><strong>PAPAE</strong></span> <span class='ocrx_word' id='word_1_46' title='bbox 965 342 1066 373; x_wconf 89' lang='lat' dir='ltr'><strong>XXII.</strong></span> <span class='ocrx_word' id='word_1_47' title='bbox 1093 344 1338 384; x_wconf 84' lang='lat'>(1316-1334).</span> <span class='ocrx_word' id='word_1_48' title='bbox 1361 362 1400 367; x_wconf 82' lang='lat'>—</span> <span class='ocrx_word' id='word_1_49' title='bbox 1422 345 1604 377; x_wconf 83' lang='lat' dir='ltr'><strong>LITTERAE</strong></span> <span class='ocrx_word' id='word_1_50' title='bbox 1628 347 1849 380; x_wconf 85' lang='lat' dir='ltr'><strong>COMMUNES</strong></span> <span class='ocrx_word' id='word_1_51' title='bbox 2187 353 2247 383; x_wconf 81' lang='lat'><strong>413</strong></span> 
     </span>
    </p>
   </div>
   <div class='ocr_carea' id='block_1_14' title="bbox 662 529 2265 2327">
    <p class='ocr_par' dir='ltr' id='par_1_14' title="bbox 662 529 2248 732">
     <span class='ocr_line' id='line_1_20' title="bbox 706 529 2248 572; baseline 0.008 -12"><span class='ocrx_word' id='word_1_52' title='bbox 706 529 817 561; x_wconf 84' lang='grc'>9791.</span> <span class='ocrx_word' id='word_1_53' title='bbox 837 550 875 554; x_wconf 86' lang='lat'>-</span> <span class='ocrx_word' id='word_1_54' title='bbox 889 532 938 563; x_wconf 90' lang='lat' dir='ltr'><strong>Id.</strong></span> <span class='ocrx_word' id='word_1_55' title='bbox 956 541 1048 563; x_wconf 89' lang='lat' dir='ltr'><strong>conc.</strong></span> <span class='ocrx_word' id='word_1_56' title='bbox 1067 532 1101 563; x_wconf 94' lang='lat' dir='ltr'><strong>in</strong></span> <span class='ocrx_word' id='word_1_57' title='bbox 1118 532 1198 563; x_wconf 86' lang='lat' dir='ltr'><strong>eccl.</strong></span> <span class='ocrx_word' id='word_1_58' title='bbox 1217 532 1250 563; x_wconf 88' lang='lat' dir='ltr'><strong>S.</strong></span> <span class='ocrx_word' id='word_1_59' title='bbox 1270 533 1314 563; x_wconf 90' lang='grc' dir='ltr'><strong>Μ.</strong></span> <span class='ocrx_word' id='word_1_60' title='bbox 1340 533 1479 572; x_wconf 86' lang='lat' dir='ltr'><strong>majoris</strong></span> <span class='ocrx_word' id='word_1_61' title='bbox 1506 534 1705 571; x_wconf 88' lang='lat' dir='ltr'><strong>Bononien.,</strong></span> <span class='ocrx_word' id='word_1_62' title='bbox 1731 536 1860 566; x_wconf 88' lang='lat' dir='ltr'><strong>consid.</strong></span> <span class='ocrx_word' id='word_1_63' title='bbox 1883 537 2012 569; x_wconf 88' lang='lat' dir='ltr'><strong>Alberti</strong></span> <span class='ocrx_word' id='word_1_64' title='bbox 2027 540 2190 571; x_wconf 90' lang='lat' dir='ltr'><strong>Carbonis</strong></span> <span class='ocrx_word' id='word_1_65' title='bbox 2208 542 2248 572; x_wconf 91' lang='lat' dir='ltr'><strong>de</strong></span> 
     </span>
     <span class='ocr_line' id='line_1_21' title="bbox 662 584 2247 627; baseline 0.006 -11"><span class='ocrx_word' id='word_1_66' title='bbox 662 586 827 623; x_wconf 84' lang='lat' dir='ltr'><strong>Bononia,</strong></span> <span class='ocrx_word' id='word_1_67' title='bbox 855 586 970 617; x_wconf 79' lang='lat' dir='ltr'><strong>Joanm&#39;</strong></span> <span class='ocrx_word' id='word_1_68' title='bbox 996 584 1063 626; x_wconf 78' lang='lat' dir='ltr'><strong>filio</strong></span> <span class='ocrx_word' id='word_1_69' title='bbox 1083 585 1168 616; x_wconf 77' lang='lat' dir='ltr'><strong>Petri</strong></span> <span class='ocrx_word' id='word_1_70' title='bbox 1189 584 1338 616; x_wconf 77' lang='lat' dir='ltr'><strong>Carbonis</strong></span> <span class='ocrx_word' id='word_1_71' title='bbox 1362 591 1391 616; x_wconf 83' lang='lat' dir='ltr'><strong>et</strong></span> <span class='ocrx_word' id='word_1_72' title='bbox 1408 586 1483 616; x_wconf 79' lang='lat' dir='ltr'><strong>dicti</strong></span> <span class='ocrx_word' id='word_1_73' title='bbox 1503 586 1624 617; x_wconf 83' lang='lat' dir='ltr'><strong>Alberti</strong></span> <span class='ocrx_word' id='word_1_74' title='bbox 1643 597 1712 627; x_wconf 80' lang='lat' dir='ltr'><strong>nep.</strong></span> <span class='ocrx_word' id='word_1_75' title='bbox 1732 605 1769 609; x_wconf 94' lang='lat'><strong>—</strong></span> <span class='ocrx_word' id='word_1_76' title='bbox 1788 589 1826 619; x_wconf 92' lang='lat' dir='ltr'><strong>In</strong></span> <span class='ocrx_word' id='word_1_77' title='bbox 1845 598 1873 620; x_wconf 94' lang='lat' dir='ltr'><strong>e.</strong></span> <span class='ocrx_word' id='word_1_78' title='bbox 1891 599 1936 620; x_wconf 91' lang='lat' dir='ltr'><strong>m.</strong></span> <span class='ocrx_word' id='word_1_79' title='bbox 1960 591 2034 621; x_wconf 89' lang='lat' dir='ltr'><strong>abb.</strong></span> <span class='ocrx_word' id='word_1_80' title='bbox 2057 595 2198 625; x_wconf 88' lang='lat' dir='ltr'><strong>monast.</strong></span> <span class='ocrx_word' id='word_1_81' title='bbox 2219 603 2247 625; x_wconf 87' lang='lat' dir='ltr'><strong>s.</strong></span> 
     </span>
     <span class='ocr_line' id='line_1_22' title="bbox 662 638 2248 685; baseline 0.005 -16"><span class='ocrx_word' id='word_1_82' title='bbox 662 638 809 676; x_wconf 87' lang='lat' dir='ltr'><strong>Proculi,</strong></span> <span class='ocrx_word' id='word_1_83' title='bbox 827 640 860 669; x_wconf 91' lang='lat' dir='ltr'><strong>et</strong></span> <span class='ocrx_word' id='word_1_84' title='bbox 873 639 979 678; x_wconf 88' lang='lat' dir='ltr'><strong>priori</strong></span> <span class='ocrx_word' id='word_1_85' title='bbox 996 647 1042 669; x_wconf 91' lang='lat' dir='ltr'><strong>ss.</strong></span> <span class='ocrx_word' id='word_1_86' title='bbox 1059 638 1208 670; x_wconf 89' lang='lat' dir='ltr'><strong>Victoris</strong></span> <span class='ocrx_word' id='word_1_87' title='bbox 1222 640 1255 669; x_wconf 88' lang='lat' dir='ltr'><strong>et</strong></span> <span class='ocrx_word' id='word_1_88' title='bbox 1269 639 1410 669; x_wconf 85' lang='lat' dir='ltr'><strong>Joannis</strong></span> <span class='ocrx_word' id='word_1_89' title='bbox 1426 639 1461 669; x_wconf 92' lang='lat' dir='ltr'><strong>in</strong></span> <span class='ocrx_word' id='word_1_90' title='bbox 1477 640 1589 671; x_wconf 85' lang='lat' dir='ltr'>Monte</span> <span class='ocrx_word' id='word_1_91' title='bbox 1599 641 1795 679; x_wconf 85' lang='lat' dir='ltr'><strong>Bononien.,</strong></span> <span class='ocrx_word' id='word_1_92' title='bbox 1814 650 1850 672; x_wconf 91' lang='lat' dir='ltr'><strong>ac</strong></span> <span class='ocrx_word' id='word_1_93' title='bbox 1863 642 2034 674; x_wconf 82' lang='lat' dir='ltr'><strong>Joannide</strong></span> <span class='ocrx_word' id='word_1_94' title='bbox 2046 645 2248 685; x_wconf 88' lang='lat' dir='ltr'><strong>Montagine,</strong></span> 
     </span>
     <span class='ocr_line' id='line_1_23' title="bbox 663 692 1480 732; baseline 0 -10"><span class='ocrx_word' id='word_1_95' title='bbox 663 700 735 722; x_wconf 88' lang='lat' dir='ltr'><strong>can.</strong></span> <span class='ocrx_word' id='word_1_96' title='bbox 755 692 875 732; x_wconf 86' lang='lat' dir='ltr'><strong>Regin.</strong></span> <span class='ocrx_word' id='word_1_97' title='bbox 892 692 945 732; x_wconf 87' lang='lat' dir='ltr'><strong>(A.</strong></span> <span class='ocrx_word' id='word_1_98' title='bbox 964 693 1014 729; x_wconf 89' lang='lat'><strong>12,</strong></span> <span class='ocrx_word' id='word_1_99' title='bbox 1030 692 1053 722; x_wconf 86' lang='lat' dir='ltr'><strong>f.</strong></span> <span class='ocrx_word' id='word_1_100' title='bbox 1073 693 1131 723; x_wconf 87' lang='lat'><strong>169</strong></span> <span class='ocrx_word' id='word_1_101' title='bbox 1148 697 1180 728; x_wconf 73' lang='lat'><strong>²3</strong></span> <span class='ocrx_word' id='word_1_102' title='bbox 1203 692 1239 722; x_wconf 92' lang='lat' dir='ltr'><strong>V.</strong></span> <span class='ocrx_word' id='word_1_103' title='bbox 1255 694 1305 728; x_wconf 90' lang='lat'><strong>69,</strong></span> <span class='ocrx_word' id='word_1_104' title='bbox 1325 700 1378 731; x_wconf 87' lang='lat' dir='ltr'><strong>ep.</strong></span> <span class='ocrx_word' id='word_1_105' title='bbox 1394 692 1480 732; x_wconf 85' lang='grc'>976.)</span> 
     </span>
    </p>

    <p class='ocr_par' dir='ltr' id='par_1_15' title="bbox 663 742 2255 1105">
     <span class='ocr_line' id='line_1_24' title="bbox 707 742 2249 790; baseline 0.006 -17"><span class='ocrx_word' id='word_1_106' title='bbox 707 742 818 773; x_wconf 81' lang='grc'>9792.</span> <span class='ocrx_word' id='word_1_107' title='bbox 837 762 876 767; x_wconf 88' lang='grc'>-</span> <span class='ocrx_word' id='word_1_108' title='bbox 901 744 1051 775; x_wconf 77' lang='lat' dir='ltr'><strong>Willelmo</strong></span> <span class='ocrx_word' id='word_1_109' title='bbox 1069 749 1140 775; x_wconf 82' lang='lat' dir='ltr'><strong>nato</strong></span> <span class='ocrx_word' id='word_1_110' title='bbox 1162 744 1276 785; x_wconf 82' lang='lat' dir='ltr'><strong>quond.</strong></span> <span class='ocrx_word' id='word_1_111' title='bbox 1302 745 1408 775; x_wconf 77' lang='lat' dir='ltr'><strong>Jacobi</strong></span> <span class='ocrx_word' id='word_1_112' title='bbox 1433 745 1500 775; x_wconf 68' lang='lat' dir='ltr'><strong>dmi</strong></span> <span class='ocrx_word' id='word_1_113' title='bbox 1523 745 1559 776; x_wconf 84' lang='lat' dir='ltr'><strong>de</strong></span> <span class='ocrx_word' id='word_1_114' title='bbox 1586 746 1700 783; x_wconf 82' lang='lat' dir='ltr'><strong>Quarto</strong></span> <span class='ocrx_word' id='word_1_115' title='bbox 1715 747 1802 778; x_wconf 86' lang='lat' dir='ltr'><strong>conf.</strong></span> <span class='ocrx_word' id='word_1_116' title='bbox 1823 756 1940 779; x_wconf 88' lang='lat' dir='ltr'><strong>canon.</strong></span> <span class='ocrx_word' id='word_1_117' title='bbox 1955 748 2017 779; x_wconf 87' lang='lat' dir='ltr'><strong>sub</strong></span> <span class='ocrx_word' id='word_1_118' title='bbox 2035 758 2128 789; x_wconf 84' lang='lat' dir='ltr'>exsp.</span> <span class='ocrx_word' id='word_1_119' title='bbox 2149 751 2249 790; x_wconf 88' lang='lat' dir='ltr'><strong>praeb.</strong></span> 
     </span>
     <span class='ocr_line' id='line_1_25' title="bbox 663 798 2253 840; baseline 0.003 -11"><span class='ocrx_word' id='word_1_120' title='bbox 663 798 744 829; x_wconf 79' lang='lat' dir='ltr'><strong>eccl.</strong></span> <span class='ocrx_word' id='word_1_121' title='bbox 762 799 949 838; x_wconf 87' lang='lat' dir='ltr'><strong>Augusten.</strong></span> <span class='ocrx_word' id='word_1_122' title='bbox 968 800 1000 829; x_wconf 93' lang='lat' dir='ltr'><strong>et</strong></span> <span class='ocrx_word' id='word_1_123' title='bbox 1016 798 1196 829; x_wconf 86' lang='lat' dir='ltr'><strong>archidiac.</strong></span> <span class='ocrx_word' id='word_1_124' title='bbox 1214 807 1242 828; x_wconf 86' lang='lat' dir='ltr'>c.</span> <span class='ocrx_word' id='word_1_125' title='bbox 1261 807 1288 828; x_wconf 88' lang='lat' dir='ltr'><strong>c.</strong></span> <span class='ocrx_word' id='word_1_126' title='bbox 1305 798 1357 838; x_wconf 88' lang='lat'><strong>(33</strong></span> <span class='ocrx_word' id='word_1_127' title='bbox 1373 798 1432 829; x_wconf 90' lang='lat' dir='ltr'><strong>lib.</strong></span> <span class='ocrx_word' id='word_1_128' title='bbox 1445 799 1526 838; x_wconf 89' lang='lat' dir='ltr'><strong>tur.)</strong></span> <span class='ocrx_word' id='word_1_129' title='bbox 1540 799 1575 829; x_wconf 90' lang='lat' dir='ltr'><strong>in</strong></span> <span class='ocrx_word' id='word_1_130' title='bbox 1591 808 1630 830; x_wconf 92' lang='lat' dir='ltr'><strong>ea</strong></span> <span class='ocrx_word' id='word_1_131' title='bbox 1644 809 1714 831; x_wconf 86' lang='lat' dir='ltr'><strong>vac.</strong></span> <span class='ocrx_word' id='word_1_132' title='bbox 1731 809 1773 831; x_wconf 80' lang='lat' dir='ltr'><strong>ex</strong></span> <span class='ocrx_word' id='word_1_133' title='bbox 1788 808 1826 831; x_wconf 92' lang='lat' dir='ltr'><strong>eo</strong></span> <span class='ocrx_word' id='word_1_134' title='bbox 1842 801 1932 840; x_wconf 82' lang='lat' dir='ltr'><strong>quod</strong></span> <span class='ocrx_word' id='word_1_135' title='bbox 1945 801 2067 833; x_wconf 84' lang='lat' dir='ltr'><strong>Petrus</strong></span> <span class='ocrx_word' id='word_1_136' title='bbox 2079 803 2118 833; x_wconf 90' lang='lat' dir='ltr'><strong>de</strong></span> <span class='ocrx_word' id='word_1_137' title='bbox 2127 803 2253 839; x_wconf 84' lang='lat' dir='ltr'><strong>Quarto</strong></span> 
     </span>
     <span class='ocr_line' id='line_1_26' title="bbox 663 851 2252 893; baseline 0.003 -11"><span class='ocrx_word' id='word_1_138' title='bbox 663 852 923 891; x_wconf 83' lang='lat' dir='ltr'><strong>praeposituram</strong></span> <span class='ocrx_word' id='word_1_139' title='bbox 935 851 1043 891; x_wconf 87' lang='lat' dir='ltr'><strong>ejusd.</strong></span> <span class='ocrx_word' id='word_1_140' title='bbox 1058 851 1137 882; x_wconf 88' lang='lat' dir='ltr'><strong>eccl.</strong></span> <span class='ocrx_word' id='word_1_141' title='bbox 1155 852 1206 882; x_wconf 85' lang='lat' dir='ltr'><strong>est</strong></span> <span class='ocrx_word' id='word_1_142' title='bbox 1222 852 1411 888; x_wconf 83' lang='lat' dir='ltr'><strong>assecutus,</strong></span> <span class='ocrx_word' id='word_1_143' title='bbox 1429 853 1461 883; x_wconf 91' lang='lat' dir='ltr'><strong>et</strong></span> <span class='ocrx_word' id='word_1_144' title='bbox 1474 852 1573 883; x_wconf 89' lang='lat' dir='ltr'><strong>illum</strong></span> <span class='ocrx_word' id='word_1_145' title='bbox 1589 852 1654 883; x_wconf 90' lang='grc' dir='ltr'><strong>ΡΡ.</strong></span> <span class='ocrx_word' id='word_1_146' title='bbox 1668 852 1711 893; x_wconf 93' lang='lat' dir='ltr'><strong>(V</strong></span> <span class='ocrx_word' id='word_1_147' title='bbox 1728 861 1805 884; x_wconf 88' lang='lat' dir='ltr'><strong>non.</strong></span> <span class='ocrx_word' id='word_1_148' title='bbox 1817 853 1893 893; x_wconf 89' lang='lat' dir='ltr'><strong>jul.)</strong></span> <span class='ocrx_word' id='word_1_149' title='bbox 1907 855 2092 886; x_wconf 86' lang='lat' dir='ltr'><strong>reservavit</strong></span> <span class='ocrx_word' id='word_1_150' title='bbox 2098 865 2108 891; x_wconf 85' lang='lat'>;</span> <span class='ocrx_word' id='word_1_151' title='bbox 2126 857 2252 887; x_wconf 86' lang='lat' dir='ltr'><strong>consid.</strong></span> 
     </span>
     <span class='ocr_line' id='line_1_27' title="bbox 663 904 2255 944; baseline 0.004 -9"><span class='ocrx_word' id='word_1_152' title='bbox 663 905 889 944; x_wconf 81' lang='lat' dir='ltr'><strong>capitulorum</strong></span> <span class='ocrx_word' id='word_1_153' title='bbox 907 905 1073 944; x_wconf 82' lang='lat' dir='ltr'><strong>praedictae</strong></span> <span class='ocrx_word' id='word_1_154' title='bbox 1088 906 1120 936; x_wconf 88' lang='lat' dir='ltr'><strong>et</strong></span> <span class='ocrx_word' id='word_1_155' title='bbox 1134 913 1161 935; x_wconf 91' lang='lat' dir='ltr'><strong>s.</strong></span> <span class='ocrx_word' id='word_1_156' title='bbox 1179 904 1259 936; x_wconf 86' lang='lat' dir='ltr'>Ursi</span> <span class='ocrx_word' id='word_1_157' title='bbox 1276 905 1462 944; x_wconf 88' lang='lat' dir='ltr'><strong>Augusten.</strong></span> <span class='ocrx_word' id='word_1_158' title='bbox 1482 905 1576 943; x_wconf 87' lang='lat' dir='ltr'><strong>eccl.‚</strong></span> <span class='ocrx_word' id='word_1_159' title='bbox 1598 914 1635 936; x_wconf 87' lang='lat' dir='ltr'><strong>ac</strong></span> <span class='ocrx_word' id='word_1_160' title='bbox 1653 915 1685 936; x_wconf 94' lang='lat' dir='ltr'><strong>n.</strong></span> <span class='ocrx_word' id='word_1_161' title='bbox 1700 915 1732 936; x_wconf 91' lang='lat' dir='ltr'>v.</span> <span class='ocrx_word' id='word_1_162' title='bbox 1750 906 1888 938; x_wconf 88' lang='lat' dir='ltr'><strong>Martini</strong></span> <span class='ocrx_word' id='word_1_163' title='bbox 1909 907 1949 938; x_wconf 93' lang='lat' dir='ltr'><strong>de</strong></span> <span class='ocrx_word' id='word_1_164' title='bbox 1968 908 2102 940; x_wconf 89' lang='lat' dir='ltr'><strong>Aliadio</strong></span> <span class='ocrx_word' id='word_1_165' title='bbox 2119 910 2255 941; x_wconf 90' lang='lat' dir='ltr'><strong>comitis</strong></span> 
     </span>
     <span class='ocr_line' id='line_1_28' title="bbox 665 957 2254 1000; baseline 0.002 -11"><span class='ocrx_word' id='word_1_166' title='bbox 665 967 692 989; x_wconf 91' lang='lat' dir='ltr'><strong>s.</strong></span> <span class='ocrx_word' id='word_1_167' title='bbox 712 958 868 994; x_wconf 79' lang='lat' dir='ltr'><strong>Martini3</strong></span> <span class='ocrx_word' id='word_1_168' title='bbox 885 958 1040 998; x_wconf 87' lang='lat' dir='ltr'><strong>sequitur</strong></span> <span class='ocrx_word' id='word_1_169' title='bbox 1057 957 1207 997; x_wconf 86' lang='lat' dir='ltr'><strong>dispens.</strong></span> <span class='ocrx_word' id='word_1_170' title='bbox 1227 966 1330 997; x_wconf 87' lang='lat' dir='ltr'><strong>super</strong></span> <span class='ocrx_word' id='word_1_171' title='bbox 1343 957 1473 989; x_wconf 84' lang='lat' dir='ltr'><strong>defectu</strong></span> <span class='ocrx_word' id='word_1_172' title='bbox 1485 959 1606 996; x_wconf 79' lang='lat' dir='ltr'><strong>aetatis,</strong></span> <span class='ocrx_word' id='word_1_173' title='bbox 1618 960 1726 998; x_wconf 85' lang='lat'><strong>(20-25</strong></span> <span class='ocrx_word' id='word_1_174' title='bbox 1737 966 1780 998; x_wconf 83' lang='lat' dir='ltr'><strong>a.)</strong></span> <span class='ocrx_word' id='word_1_175' title='bbox 1795 977 1830 982; x_wconf 82' lang='lat'><strong>—-</strong></span> <span class='ocrx_word' id='word_1_176' title='bbox 1844 960 1871 991; x_wconf 84' lang='grc' dir='ltr'><strong>Ι.</strong></span> <span class='ocrx_word' id='word_1_177' title='bbox 1887 968 1916 992; x_wconf 87' lang='lat' dir='ltr'><strong>e.</strong></span> <span class='ocrx_word' id='word_1_178' title='bbox 1928 969 1974 992; x_wconf 92' lang='lat' dir='ltr'><strong>m.</strong></span> <span class='ocrx_word' id='word_1_179' title='bbox 1988 970 2063 1000; x_wconf 91' lang='lat' dir='ltr'><strong>ep.0</strong></span> <span class='ocrx_word' id='word_1_180' title='bbox 2074 961 2254 1000; x_wconf 83' lang='lat' dir='ltr'><strong>Sedunen.‚</strong></span> 
     </span>
     <span class='ocr_line' id='line_1_29' title="bbox 665 1010 2254 1052; baseline 0.003 -10"><span class='ocrx_word' id='word_1_181' title='bbox 665 1013 698 1042; x_wconf 89' lang='lat' dir='ltr'><strong>et</strong></span> <span class='ocrx_word' id='word_1_182' title='bbox 712 1011 818 1050; x_wconf 86' lang='lat' dir='ltr'><strong>priori</strong></span> <span class='ocrx_word' id='word_1_183' title='bbox 839 1020 866 1042; x_wconf 92' lang='lat' dir='ltr'><strong>s.</strong></span> <span class='ocrx_word' id='word_1_184' title='bbox 892 1011 1067 1043; x_wconf 87' lang='lat' dir='ltr'><strong>Saturnini</strong></span> <span class='ocrx_word' id='word_1_185' title='bbox 1086 1011 1126 1042; x_wconf 89' lang='lat' dir='ltr'><strong>de</strong></span> <span class='ocrx_word' id='word_1_186' title='bbox 1142 1011 1267 1047; x_wconf 63' lang='lat' dir='ltr'><strong>,Portu,</strong></span> <span class='ocrx_word' id='word_1_187' title='bbox 1291 1010 1422 1042; x_wconf 86' lang='lat' dir='ltr'><strong>Uticen.</strong></span> <span class='ocrx_word' id='word_1_188' title='bbox 1443 1011 1501 1048; x_wconf 91' lang='lat' dir='ltr'><strong>di.‚</strong></span> <span class='ocrx_word' id='word_1_189' title='bbox 1525 1020 1562 1042; x_wconf 87' lang='lat' dir='ltr'><strong>ac</strong></span> <span class='ocrx_word' id='word_1_190' title='bbox 1578 1012 1722 1052; x_wconf 88' lang='lat' dir='ltr'><strong>Georgio</strong></span> <span class='ocrx_word' id='word_1_191' title='bbox 1739 1013 1779 1044; x_wconf 87' lang='lat' dir='ltr'><strong>de</strong></span> <span class='ocrx_word' id='word_1_192' title='bbox 1794 1012 1936 1051; x_wconf 88' lang='lat' dir='ltr'><strong>Solerio,</strong></span> <span class='ocrx_word' id='word_1_193' title='bbox 1955 1022 2026 1045; x_wconf 84' lang='lat' dir='ltr'><strong>can.</strong></span> <span class='ocrx_word' id='word_1_194' title='bbox 2045 1015 2254 1048; x_wconf 88' lang='lat' dir='ltr'><strong>Lincolnien.</strong></span> 
     </span>
     <span class='ocr_line' id='line_1_30' title="bbox 665 1063 1282 1105; baseline -0.003 -10"><span class='ocrx_word' id='word_1_195' title='bbox 665 1065 720 1105; x_wconf 88' lang='lat' dir='ltr'><strong>(A.</strong></span> <span class='ocrx_word' id='word_1_196' title='bbox 740 1066 788 1099; x_wconf 87' lang='lat'><strong>12,</strong></span> <span class='ocrx_word' id='word_1_197' title='bbox 809 1064 831 1095; x_wconf 86' lang='lat' dir='ltr'><strong>f.</strong></span> <span class='ocrx_word' id='word_1_198' title='bbox 849 1067 908 1096; x_wconf 73' lang='lat'><strong>343</strong></span> <span class='ocrx_word' id='word_1_199' title='bbox 923 1070 953 1100; x_wconf 75' lang='lat'><strong>³3</strong></span> <span class='ocrx_word' id='word_1_200' title='bbox 979 1064 1015 1095; x_wconf 93' lang='lat' dir='ltr'><strong>V.</strong></span> <span class='ocrx_word' id='word_1_201' title='bbox 1033 1066 1084 1099; x_wconf 86' lang='grc'><strong>69,</strong></span> <span class='ocrx_word' id='word_1_202' title='bbox 1107 1073 1159 1104; x_wconf 91' lang='lat' dir='ltr'><strong>ep.</strong></span> <span class='ocrx_word' id='word_1_203' title='bbox 1180 1063 1282 1103; x_wconf 81' lang='grc'>1412.)</span> 
     </span>
    </p>

    <p class='ocr_par' dir='ltr' id='par_1_16' title="bbox 666 1115 2258 1319">
     <span class='ocr_line' id='line_1_31' title="bbox 710 1115 2257 1159; baseline 0.005 -12"><span class='ocrx_word' id='word_1_204' title='bbox 710 1115 822 1147; x_wconf 88' lang='grc'>9793.</span> <span class='ocrx_word' id='word_1_205' title='bbox 839 1135 878 1141; x_wconf 89' lang='grc'>-</span> <span class='ocrx_word' id='word_1_206' title='bbox 891 1117 1098 1157; x_wconf 80' lang='lat' dir='ltr'><strong>Lanfrancus,</strong></span> <span class='ocrx_word' id='word_1_207' title='bbox 1112 1117 1195 1148; x_wconf 91' lang='lat' dir='ltr'><strong>olim</strong></span> <span class='ocrx_word' id='word_1_208' title='bbox 1209 1126 1299 1148; x_wconf 91' lang='lat' dir='ltr'><strong>mon.</strong></span> <span class='ocrx_word' id='word_1_209' title='bbox 1319 1118 1464 1148; x_wconf 88' lang='lat' dir='ltr'><strong>monast.</strong></span> <span class='ocrx_word' id='word_1_210' title='bbox 1482 1126 1509 1148; x_wconf 91' lang='lat' dir='ltr'><strong>s.</strong></span> <span class='ocrx_word' id='word_1_211' title='bbox 1527 1118 1736 1157; x_wconf 76' lang='lat' dir='ltr'><strong>ApollinarIS</strong></span> <span class='ocrx_word' id='word_1_212' title='bbox 1749 1127 1853 1158; x_wconf 88' lang='lat' dir='ltr'><strong>prope</strong></span> <span class='ocrx_word' id='word_1_213' title='bbox 1869 1120 2020 1159; x_wconf 87' lang='lat' dir='ltr'><strong>Papiam,</strong></span> <span class='ocrx_word' id='word_1_214' title='bbox 2033 1121 2070 1152; x_wconf 95' lang='lat' dir='ltr'><strong>O.</strong></span> <span class='ocrx_word' id='word_1_215' title='bbox 2084 1121 2118 1153; x_wconf 89' lang='lat' dir='ltr'><strong>S.</strong></span> <span class='ocrx_word' id='word_1_216' title='bbox 2134 1122 2185 1159; x_wconf 90' lang='lat' dir='ltr'>B.,</span> <span class='ocrx_word' id='word_1_217' title='bbox 2204 1131 2257 1154; x_wconf 90' lang='lat' dir='ltr'><strong>sa-</strong></span> 
     </span>
     <span class='ocr_line' id='line_1_32' title="bbox 666 1170 2258 1211; baseline 0.003 -9"><span class='ocrx_word' id='word_1_218' title='bbox 666 1172 795 1208; x_wconf 86' lang='lat' dir='ltr'><strong>cerdos,</strong></span> <span class='ocrx_word' id='word_1_219' title='bbox 813 1171 1031 1202; x_wconf 86' lang='lat' dir='ltr'><strong>confirmatur</strong></span> <span class='ocrx_word' id='word_1_220' title='bbox 1046 1171 1082 1201; x_wconf 90' lang='lat' dir='ltr'><strong>in</strong></span> <span class='ocrx_word' id='word_1_221' title='bbox 1101 1170 1177 1202; x_wconf 85' lang='lat' dir='ltr'>abb.</span> <span class='ocrx_word' id='word_1_222' title='bbox 1197 1171 1342 1201; x_wconf 85' lang='lat' dir='ltr'><strong>monast.</strong></span> <span class='ocrx_word' id='word_1_223' title='bbox 1360 1179 1387 1202; x_wconf 88' lang='lat' dir='ltr'><strong>s.</strong></span> <span class='ocrx_word' id='word_1_224' title='bbox 1411 1170 1595 1202; x_wconf 80' lang='lat' dir='ltr'><strong>Salvatoris</strong></span> <span class='ocrx_word' id='word_1_225' title='bbox 1612 1180 1715 1211; x_wconf 85' lang='lat' dir='ltr'><strong>prope</strong></span> <span class='ocrx_word' id='word_1_226' title='bbox 1731 1172 1881 1211; x_wconf 85' lang='lat' dir='ltr'><strong>Papiam,</strong></span> <span class='ocrx_word' id='word_1_227' title='bbox 1901 1173 1943 1204; x_wconf 87' lang='lat' dir='ltr'><strong>ad</strong></span> <span class='ocrx_word' id='word_1_228' title='bbox 1962 1174 2003 1205; x_wconf 88' lang='lat' dir='ltr'><strong>R.</strong></span> <span class='ocrx_word' id='word_1_229' title='bbox 2022 1174 2059 1204; x_wconf 85' lang='lat' dir='ltr'><strong>E.</strong></span> <span class='ocrx_word' id='word_1_230' title='bbox 2078 1175 2171 1206; x_wconf 92' lang='lat' dir='ltr'><strong>nullo</strong></span> <span class='ocrx_word' id='word_1_231' title='bbox 2186 1184 2258 1207; x_wconf 88' lang='lat' dir='ltr'><strong>me-</strong></span> 
     </span>
     <span class='ocr_line' id='line_1_33' title="bbox 666 1223 2255 1264; baseline 0.003 -8"><span class='ocrx_word' id='word_1_232' title='bbox 666 1225 722 1256; x_wconf 89' lang='lat' dir='ltr'><strong>dio</strong></span> <span class='ocrx_word' id='word_1_233' title='bbox 740 1225 874 1264; x_wconf 67' lang='lat' dir='ltr'><strong>pertin„</strong></span> <span class='ocrx_word' id='word_1_234' title='bbox 894 1224 976 1255; x_wconf 91' lang='lat' dir='ltr'><strong>dicti</strong></span> <span class='ocrx_word' id='word_1_235' title='bbox 992 1224 1077 1262; x_wconf 90' lang='lat' dir='ltr'><strong>ord.‚</strong></span> <span class='ocrx_word' id='word_1_236' title='bbox 1106 1224 1148 1254; x_wconf 88' lang='lat' dir='ltr'><strong>ad</strong></span> <span class='ocrx_word' id='word_1_237' title='bbox 1165 1224 1254 1263; x_wconf 90' lang='lat' dir='ltr'><strong>quod</strong></span> <span class='ocrx_word' id='word_1_238' title='bbox 1267 1225 1344 1263; x_wconf 90' lang='lat' dir='ltr'><strong>post</strong></span> <span class='ocrx_word' id='word_1_239' title='bbox 1364 1223 1445 1255; x_wconf 91' lang='lat' dir='ltr'><strong>obit.</strong></span> <span class='ocrx_word' id='word_1_240' title='bbox 1466 1224 1604 1255; x_wconf 88' lang='lat' dir='ltr'><strong>Antonii</strong></span> <span class='ocrx_word' id='word_1_241' title='bbox 1621 1233 1640 1255; x_wconf 91' lang='lat' dir='ltr'><strong>a</strong></span> <span class='ocrx_word' id='word_1_242' title='bbox 1652 1233 1746 1256; x_wconf 89' lang='lat' dir='ltr'><strong>conv.</strong></span> <span class='ocrx_word' id='word_1_243' title='bbox 1761 1226 1969 1257; x_wconf 88' lang='lat' dir='ltr'><strong>concorditer</strong></span> <span class='ocrx_word' id='word_1_244' title='bbox 1984 1227 2111 1258; x_wconf 89' lang='lat' dir='ltr'><strong>electus</strong></span> <span class='ocrx_word' id='word_1_245' title='bbox 2132 1229 2255 1261; x_wconf 85' lang='lat' dir='ltr'><strong>extitit.</strong></span> 
     </span>
     <span class='ocr_line' id='line_1_34' title="bbox 666 1277 2058 1319; baseline 0.001 -10"><span class='ocrx_word' id='word_1_246' title='bbox 666 1296 705 1302; x_wconf 91' lang='lat'>—</span> <span class='ocrx_word' id='word_1_247' title='bbox 722 1279 749 1310; x_wconf 92' lang='lat' dir='ltr'>I.</span> <span class='ocrx_word' id='word_1_248' title='bbox 765 1287 793 1309; x_wconf 91' lang='lat' dir='ltr'><strong>e.</strong></span> <span class='ocrx_word' id='word_1_249' title='bbox 814 1286 858 1308; x_wconf 92' lang='lat' dir='ltr'><strong>m.</strong></span> <span class='ocrx_word' id='word_1_250' title='bbox 880 1286 975 1309; x_wconf 90' lang='lat' dir='ltr'><strong>conv.</strong></span> <span class='ocrx_word' id='word_1_251' title='bbox 992 1278 1025 1308; x_wconf 91' lang='lat' dir='ltr'><strong>et</strong></span> <span class='ocrx_word' id='word_1_252' title='bbox 1037 1277 1198 1308; x_wconf 86' lang='lat' dir='ltr'><strong>vassallis</strong></span> <span class='ocrx_word' id='word_1_253' title='bbox 1216 1277 1323 1316; x_wconf 87' lang='lat' dir='ltr'><strong>ejusd.</strong></span> <span class='ocrx_word' id='word_1_254' title='bbox 1341 1278 1485 1307; x_wconf 86' lang='lat' dir='ltr'><strong>monast.</strong></span> <span class='ocrx_word' id='word_1_255' title='bbox 1499 1285 1525 1307; x_wconf 91' lang='lat' dir='ltr'><strong>s.</strong></span> <span class='ocrx_word' id='word_1_256' title='bbox 1547 1277 1744 1308; x_wconf 88' lang='lat' dir='ltr'><strong>Salvatoris.</strong></span> <span class='ocrx_word' id='word_1_257' title='bbox 1765 1278 1819 1318; x_wconf 94' lang='lat' dir='ltr'><strong>(V.</strong></span> <span class='ocrx_word' id='word_1_258' title='bbox 1837 1279 1887 1315; x_wconf 84' lang='lat'><strong>69,</strong></span> <span class='ocrx_word' id='word_1_259' title='bbox 1906 1288 1957 1319; x_wconf 90' lang='lat' dir='ltr'><strong>ep.</strong></span> <span class='ocrx_word' id='word_1_260' title='bbox 1974 1281 2058 1319; x_wconf 88' lang='lat'><strong>909.)</strong></span> 
     </span>
    </p>

    <p class='ocr_par' dir='ltr' id='par_1_17' title="bbox 668 1328 2260 1691">
     <span class='ocr_line' id='line_1_35' title="bbox 711 1328 2258 1374; baseline 0.005 -14"><span class='ocrx_word' id='word_1_261' title='bbox 711 1331 722 1343; x_wconf 74' lang='lat'><em>“</em></span> <span class='ocrx_word' id='word_1_262' title='bbox 739 1328 851 1360; x_wconf 76' lang='grc'>9794.</span> <span class='ocrx_word' id='word_1_263' title='bbox 866 1347 903 1352; x_wconf 88' lang='lat'>-</span> <span class='ocrx_word' id='word_1_264' title='bbox 920 1329 1160 1371; x_wconf 84' lang='lat' dir='ltr'><strong>Compostellan.</strong></span> <span class='ocrx_word' id='word_1_265' title='bbox 1173 1334 1203 1360; x_wconf 82' lang='lat' dir='ltr'><strong>et</strong></span> <span class='ocrx_word' id='word_1_266' title='bbox 1218 1329 1406 1360; x_wconf 77' lang='lat' dir='ltr'><strong>Brackaren.</strong></span> <span class='ocrx_word' id='word_1_267' title='bbox 1420 1329 1586 1370; x_wconf 56' lang='lat' dir='ltr'><strong>archiepis</strong></span> <span class='ocrx_word' id='word_1_268' title='bbox 1597 1331 1708 1361; x_wconf 88' lang='lat' dir='ltr'><strong>mand.</strong></span> <span class='ocrx_word' id='word_1_269' title='bbox 1721 1340 1781 1370; x_wconf 94' lang='lat' dir='ltr'><strong>pro</strong></span> <span class='ocrx_word' id='word_1_270' title='bbox 1797 1332 2035 1364; x_wconf 81' lang='lat' dir='ltr'><strong>informatione</strong></span> <span class='ocrx_word' id='word_1_271' title='bbox 2047 1342 2148 1374; x_wconf 89' lang='lat' dir='ltr'><strong>super</strong></span> <span class='ocrx_word' id='word_1_272' title='bbox 2167 1336 2258 1367; x_wconf 83' lang='lat' dir='ltr'><strong>statu</strong></span> 
     </span>
     <span class='ocr_line' id='line_1_36' title="bbox 668 1383 2260 1426; baseline 0.002 -10"><span class='ocrx_word' id='word_1_273' title='bbox 668 1385 740 1416; x_wconf 88' lang='lat' dir='ltr'><strong>ord.</strong></span> <span class='ocrx_word' id='word_1_274' title='bbox 757 1384 888 1416; x_wconf 82' lang='lat' dir='ltr'><strong>militiae</strong></span> <span class='ocrx_word' id='word_1_275' title='bbox 899 1384 932 1415; x_wconf 82' lang='lat' dir='ltr'><strong>S.</strong></span> <span class='ocrx_word' id='word_1_276' title='bbox 949 1385 970 1415; x_wconf 86' lang='lat' dir='ltr'>J</span> <span class='ocrx_word' id='word_1_277' title='bbox 972 1383 1067 1415; x_wconf 88' lang='lat' dir='ltr'><strong>acobi</strong></span> <span class='ocrx_word' id='word_1_278' title='bbox 1082 1383 1118 1414; x_wconf 92' lang='lat' dir='ltr'><strong>in</strong></span> <span class='ocrx_word' id='word_1_279' title='bbox 1131 1383 1348 1423; x_wconf 87' lang='lat' dir='ltr'><strong>Portugalliae</strong></span> <span class='ocrx_word' id='word_1_280' title='bbox 1362 1385 1394 1414; x_wconf 87' lang='lat' dir='ltr'><strong>et</strong></span> <span class='ocrx_word' id='word_1_281' title='bbox 1410 1383 1575 1423; x_wconf 84' lang='lat' dir='ltr'><strong>Algarbii,</strong></span> <span class='ocrx_word' id='word_1_282' title='bbox 1594 1383 1748 1415; x_wconf 82' lang='lat' dir='ltr'><strong>Castellae</strong></span> <span class='ocrx_word' id='word_1_283' title='bbox 1761 1386 1793 1416; x_wconf 93' lang='lat' dir='ltr'><strong>et</strong></span> <span class='ocrx_word' id='word_1_284' title='bbox 1810 1385 1968 1425; x_wconf 83' lang='lat' dir='ltr'><strong>Legionis</strong></span> <span class='ocrx_word' id='word_1_285' title='bbox 1980 1387 2093 1426; x_wconf 86' lang='lat' dir='ltr'><strong>regnis</strong></span> <span class='ocrx_word' id='word_1_286' title='bbox 2109 1387 2151 1418; x_wconf 90' lang='lat' dir='ltr'><strong>ad</strong></span> <span class='ocrx_word' id='word_1_287' title='bbox 2166 1397 2260 1420; x_wconf 90' lang='lat' dir='ltr'><strong>revo-</strong></span> 
     </span>
     <span class='ocr_line' id='line_1_37' title="bbox 668 1436 2258 1476; baseline 0.003 -8"><span class='ocrx_word' id='word_1_288' title='bbox 668 1438 810 1469; x_wconf 88' lang='lat' dir='ltr'><strong>candam</strong></span> <span class='ocrx_word' id='word_1_289' title='bbox 820 1437 875 1468; x_wconf 86' lang='lat' dir='ltr'><strong>vel</strong></span> <span class='ocrx_word' id='word_1_290' title='bbox 890 1437 1154 1468; x_wconf 87' lang='lat' dir='ltr'><strong>confirmandam</strong></span> <span class='ocrx_word' id='word_1_291' title='bbox 1168 1437 1421 1468; x_wconf 80' lang='lat' dir='ltr'><strong>concessionem</strong></span> <span class='ocrx_word' id='word_1_292' title='bbox 1436 1436 1570 1468; x_wconf 87' lang='lat' dir='ltr'><strong>Nicolai</strong></span> <span class='ocrx_word' id='word_1_293' title='bbox 1581 1437 1646 1468; x_wconf 89' lang='lat' dir='ltr'><strong>PP.</strong></span> <span class='ocrx_word' id='word_1_294' title='bbox 1660 1437 1707 1468; x_wconf 92' lang='lat' dir='ltr'><strong>IV</strong></span> <span class='ocrx_word' id='word_1_295' title='bbox 1723 1446 1782 1476; x_wconf 92' lang='lat' dir='ltr'><strong>per</strong></span> <span class='ocrx_word' id='word_1_296' title='bbox 1795 1438 2002 1470; x_wconf 80' lang='lat' dir='ltr'><strong>Celestinum</strong></span> <span class='ocrx_word' id='word_1_297' title='bbox 2015 1439 2083 1470; x_wconf 91' lang='grc' dir='ltr'><strong>ΡΡ.</strong></span> <span class='ocrx_word' id='word_1_298' title='bbox 2095 1441 2126 1472; x_wconf 91' lang='lat' dir='ltr'>V</span> <span class='ocrx_word' id='word_1_299' title='bbox 2141 1441 2258 1472; x_wconf 90' lang='lat' dir='ltr'><strong>confir-</strong></span> 
     </span>
     <span class='ocr_line' id='line_1_38' title="bbox 668 1489 2259 1532; baseline 0.002 -10"><span class='ocrx_word' id='word_1_300' title='bbox 668 1492 794 1522; x_wconf 83' lang='lat' dir='ltr'><strong>matam</strong></span> <span class='ocrx_word' id='word_1_301' title='bbox 812 1492 845 1522; x_wconf 86' lang='lat' dir='ltr'><strong>et</strong></span> <span class='ocrx_word' id='word_1_302' title='bbox 861 1491 980 1530; x_wconf 87' lang='lat' dir='ltr'><strong>postea</strong></span> <span class='ocrx_word' id='word_1_303' title='bbox 999 1499 1059 1530; x_wconf 90' lang='lat' dir='ltr'><strong>per</strong></span> <span class='ocrx_word' id='word_1_304' title='bbox 1074 1490 1188 1530; x_wconf 91' lang='lat' dir='ltr'><strong>ipsum</strong></span> <span class='ocrx_word' id='word_1_305' title='bbox 1209 1498 1247 1521; x_wconf 88' lang='lat' dir='ltr'><strong>ac</strong></span> <span class='ocrx_word' id='word_1_306' title='bbox 1267 1499 1327 1529; x_wconf 90' lang='lat' dir='ltr'><strong>per</strong></span> <span class='ocrx_word' id='word_1_307' title='bbox 1345 1489 1566 1530; x_wconf 16' lang='lat' dir='ltr'><strong>Bonifacium,</strong></span> <span class='ocrx_word' id='word_1_308' title='bbox 1579 1491 1645 1521; x_wconf 91' lang='grc' dir='ltr'><strong>ΡΡ.</strong></span> <span class='ocrx_word' id='word_1_309' title='bbox 1669 1491 1752 1522; x_wconf 88' lang='lat' dir='ltr'><strong>VIII</strong></span> <span class='ocrx_word' id='word_1_310' title='bbox 1769 1492 1957 1522; x_wconf 87' lang='lat' dir='ltr'><strong>revocatam</strong></span> <span class='ocrx_word' id='word_1_311' title='bbox 1979 1501 2038 1532; x_wconf 87' lang='lat' dir='ltr'><strong>per</strong></span> <span class='ocrx_word' id='word_1_312' title='bbox 2053 1501 2154 1532; x_wconf 89' lang='lat' dir='ltr'><strong>quam</strong></span> <span class='ocrx_word' id='word_1_313' title='bbox 2172 1503 2259 1525; x_wconf 87' lang='lat' dir='ltr'><strong>com-</strong></span> 
     </span>
     <span class='ocr_line' id='line_1_39' title="bbox 669 1543 2260 1585; baseline 0.002 -10"><span class='ocrx_word' id='word_1_314' title='bbox 669 1544 883 1575; x_wconf 89' lang='lat' dir='ltr'><strong>mendatores</strong></span> <span class='ocrx_word' id='word_1_315' title='bbox 908 1545 940 1574; x_wconf 93' lang='lat' dir='ltr'><strong>et</strong></span> <span class='ocrx_word' id='word_1_316' title='bbox 969 1543 1091 1575; x_wconf 88' lang='lat' dir='ltr'><strong>fratres</strong></span> <span class='ocrx_word' id='word_1_317' title='bbox 1115 1543 1197 1574; x_wconf 87' lang='lat' dir='ltr'><strong>dicti</strong></span> <span class='ocrx_word' id='word_1_318' title='bbox 1222 1543 1292 1574; x_wconf 92' lang='lat' dir='ltr'><strong>ord.</strong></span> <span class='ocrx_word' id='word_1_319' title='bbox 1317 1543 1353 1574; x_wconf 90' lang='lat' dir='ltr'><strong>in</strong></span> <span class='ocrx_word' id='word_1_320' title='bbox 1377 1543 1548 1583; x_wconf 86' lang='lat' dir='ltr'><strong>praedictis</strong></span> <span class='ocrx_word' id='word_1_321' title='bbox 1572 1543 1686 1583; x_wconf 87' lang='lat' dir='ltr'><strong>regnis</strong></span> <span class='ocrx_word' id='word_1_322' title='bbox 1709 1544 1925 1584; x_wconf 86' lang='lat' dir='ltr'><strong>Portugalliae</strong></span> <span class='ocrx_word' id='word_1_323' title='bbox 1954 1546 1985 1576; x_wconf 93' lang='lat' dir='ltr'><strong>et</strong></span> <span class='ocrx_word' id='word_1_324' title='bbox 2014 1545 2166 1585; x_wconf 88' lang='lat' dir='ltr'><strong>Algarbii</strong></span> <span class='ocrx_word' id='word_1_325' title='bbox 2192 1547 2260 1578; x_wconf 87' lang='lat' dir='ltr'><strong>sibi</strong></span> 
     </span>
     <span class='ocr_line' id='line_1_40' title="bbox 669 1596 2260 1638; baseline 0.003 -10"><span class='ocrx_word' id='word_1_326' title='bbox 669 1598 812 1638; x_wconf 88' lang='lat' dir='ltr'><strong>possunt</strong></span> <span class='ocrx_word' id='word_1_327' title='bbox 828 1596 1070 1637; x_wconf 89' lang='lat' dir='ltr'><strong>provincialem</strong></span> <span class='ocrx_word' id='word_1_328' title='bbox 1086 1596 1210 1636; x_wconf 84' lang='lat' dir='ltr'><strong>eligere</strong></span> <span class='ocrx_word' id='word_1_329' title='bbox 1230 1597 1262 1627; x_wconf 91' lang='lat' dir='ltr'><strong>et</strong></span> <span class='ocrx_word' id='word_1_330' title='bbox 1280 1596 1329 1627; x_wconf 89' lang='lat' dir='ltr'><strong>sic</strong></span> <span class='ocrx_word' id='word_1_331' title='bbox 1348 1596 1389 1627; x_wconf 91' lang='lat' dir='ltr'><strong>ab</strong></span> <span class='ocrx_word' id='word_1_332' title='bbox 1405 1596 1598 1627; x_wconf 87' lang='lat' dir='ltr'><strong>ohedientia</strong></span> <span class='ocrx_word' id='word_1_333' title='bbox 1614 1597 1783 1636; x_wconf 88' lang='lat' dir='ltr'><strong>generalis</strong></span> <span class='ocrx_word' id='word_1_334' title='bbox 1801 1606 1888 1637; x_wconf 85' lang='lat' dir='ltr'><strong>mag.</strong></span> <span class='ocrx_word' id='word_1_335' title='bbox 1901 1598 2051 1638; x_wconf 84' lang='lat' dir='ltr'><strong>majoris,</strong></span> <span class='ocrx_word' id='word_1_336' title='bbox 2069 1599 2260 1632; x_wconf 80' lang='lat' dir='ltr'><strong>visitatione</strong></span> 
     </span>
     <span class='ocr_line' id='line_1_41' title="bbox 669 1649 2104 1691; baseline 0.001 -9"><span class='ocrx_word' id='word_1_337' title='bbox 669 1652 702 1682; x_wconf 89' lang='lat' dir='ltr'><strong>et</strong></span> <span class='ocrx_word' id='word_1_338' title='bbox 716 1650 923 1681; x_wconf 87' lang='lat' dir='ltr'><strong>correctione</strong></span> <span class='ocrx_word' id='word_1_339' title='bbox 938 1650 1006 1689; x_wconf 91' lang='lat' dir='ltr'><strong>ipsi</strong></span> <span class='ocrx_word' id='word_1_340' title='bbox 1022 1649 1217 1686; x_wconf 83' lang='lat' dir='ltr'><strong>reservatis,</strong></span> <span class='ocrx_word' id='word_1_341' title='bbox 1234 1658 1270 1680; x_wconf 90' lang='lat' dir='ltr'><strong>se</strong></span> <span class='ocrx_word' id='word_1_342' title='bbox 1286 1649 1494 1681; x_wconf 86' lang='lat' dir='ltr'><strong>subtrahere.</strong></span> <span class='ocrx_word' id='word_1_343' title='bbox 1513 1649 1566 1690; x_wconf 88' lang='lat' dir='ltr'><strong>(A.</strong></span> <span class='ocrx_word' id='word_1_344' title='bbox 1583 1651 1631 1686; x_wconf 94' lang='lat'><strong>12,</strong></span> <span class='ocrx_word' id='word_1_345' title='bbox 1650 1650 1672 1680; x_wconf 85' lang='lat' dir='ltr'><strong>f.</strong></span> <span class='ocrx_word' id='word_1_346' title='bbox 1689 1651 1745 1681; x_wconf 89' lang='grc'><strong>123</strong></span> <span class='ocrx_word' id='word_1_347' title='bbox 1763 1655 1776 1671; x_wconf 71' lang='lat'><strong>³</strong></span> <span class='ocrx_word' id='word_1_348' title='bbox 1787 1660 1796 1687; x_wconf 77' lang='lat'>3</span> <span class='ocrx_word' id='word_1_349' title='bbox 1821 1650 1850 1681; x_wconf 90' lang='lat' dir='ltr'><strong>V.</strong></span> <span class='ocrx_word' id='word_1_350' title='bbox 1867 1652 1917 1686; x_wconf 89' lang='lat'><strong>69,</strong></span> <span class='ocrx_word' id='word_1_351' title='bbox 1934 1660 1984 1691; x_wconf 90' lang='lat' dir='ltr'><strong>ep.</strong></span> <span class='ocrx_word' id='word_1_352' title='bbox 2002 1653 2104 1691; x_wconf 87' lang='lat'>1003.)</span> 
     </span>
    </p>

    <p class='ocr_par' dir='ltr' id='par_1_18' title="bbox 669 1700 2262 1955">
     <span class='ocr_line' id='line_1_42' title="bbox 713 1700 2260 1744; baseline 0.003 -12"><span class='ocrx_word' id='word_1_353' title='bbox 713 1700 825 1733; x_wconf 78' lang='grc'>9795.</span> <span class='ocrx_word' id='word_1_354' title='bbox 842 1721 880 1726; x_wconf 89' lang='grc'><strong>--</strong></span> <span class='ocrx_word' id='word_1_355' title='bbox 897 1702 1052 1733; x_wconf 82' lang='lat' dir='ltr'><strong>Universis</strong></span> <span class='ocrx_word' id='word_1_356' title='bbox 1066 1702 1222 1743; x_wconf 80' lang='lat' dir='ltr'><strong>prioribus</strong></span> <span class='ocrx_word' id='word_1_357' title='bbox 1235 1702 1301 1733; x_wconf 83' lang='lat' dir='ltr'><strong>ord.</strong></span> <span class='ocrx_word' id='word_1_358' title='bbox 1322 1701 1449 1733; x_wconf 75' lang='lat' dir='ltr'><strong>cisterc.</strong></span> <span class='ocrx_word' id='word_1_359' title='bbox 1464 1720 1502 1726; x_wconf 91' lang='lat'>—</span> <span class='ocrx_word' id='word_1_360' title='bbox 1515 1702 1690 1734; x_wconf 90' lang='lat' dir='ltr'><strong>Indultum</strong></span> <span class='ocrx_word' id='word_1_361' title='bbox 1703 1703 1789 1742; x_wconf 90' lang='lat' dir='ltr'><strong>ipsis</strong></span> <span class='ocrx_word' id='word_1_362' title='bbox 1806 1702 1848 1734; x_wconf 90' lang='lat' dir='ltr'><strong>ab</strong></span> <span class='ocrx_word' id='word_1_363' title='bbox 1864 1705 1904 1734; x_wconf 82' lang='lat' dir='ltr'><strong>A.</strong></span> <span class='ocrx_word' id='word_1_364' title='bbox 1922 1704 1955 1735; x_wconf 83' lang='lat' dir='ltr'><strong>S.</strong></span> <span class='ocrx_word' id='word_1_365' title='bbox 1967 1704 2038 1744; x_wconf 90' lang='lat' dir='ltr'><strong>jam</strong></span> <span class='ocrx_word' id='word_1_366' title='bbox 2052 1714 2260 1742; x_wconf 89' lang='lat' dir='ltr'><strong>concessum,</strong></span> 
     </span>
     <span class='ocr_line' id='line_1_43' title="bbox 670 1755 2262 1796; baseline 0.002 -9"><span class='ocrx_word' id='word_1_367' title='bbox 670 1765 736 1796; x_wconf 87' lang='lat' dir='ltr'><strong>quo</strong></span> <span class='ocrx_word' id='word_1_368' title='bbox 752 1756 793 1787; x_wconf 90' lang='lat' dir='ltr'><strong>de</strong></span> <span class='ocrx_word' id='word_1_369' title='bbox 815 1755 1037 1796; x_wconf 81' lang='lat' dir='ltr'><strong>proventibus</strong></span> <span class='ocrx_word' id='word_1_370' title='bbox 1054 1764 1194 1786; x_wconf 88' lang='lat' dir='ltr'><strong>suarum</strong></span> <span class='ocrx_word' id='word_1_371' title='bbox 1212 1755 1470 1795; x_wconf 88' lang='lat' dir='ltr'><strong>possessionum</strong></span> <span class='ocrx_word' id='word_1_372' title='bbox 1494 1755 1623 1787; x_wconf 86' lang='lat' dir='ltr'><strong>nemini</strong></span> <span class='ocrx_word' id='word_1_373' title='bbox 1640 1756 1789 1787; x_wconf 85' lang='lat' dir='ltr'><strong>decimas</strong></span> <span class='ocrx_word' id='word_1_374' title='bbox 1808 1756 1940 1788; x_wconf 89' lang='lat' dir='ltr'><strong>solvere</strong></span> <span class='ocrx_word' id='word_1_375' title='bbox 1956 1758 2123 1796; x_wconf 85' lang='lat' dir='ltr'><strong>tenentur,</strong></span> <span class='ocrx_word' id='word_1_376' title='bbox 2140 1759 2181 1789; x_wconf 92' lang='lat' dir='ltr'><strong>ad</strong></span> <span class='ocrx_word' id='word_1_377' title='bbox 2196 1759 2262 1790; x_wconf 90' lang='lat' dir='ltr'><strong>alia</strong></span> 
     </span>
     <span class='ocr_line' id='line_1_44' title="bbox 669 1808 2260 1850; baseline 0.002 -10"><span class='ocrx_word' id='word_1_378' title='bbox 669 1811 815 1841; x_wconf 87' lang='lat' dir='ltr'><strong>monast.</strong></span> <span class='ocrx_word' id='word_1_379' title='bbox 829 1811 862 1840; x_wconf 89' lang='lat' dir='ltr'><strong>et</strong></span> <span class='ocrx_word' id='word_1_380' title='bbox 874 1810 947 1840; x_wconf 86' lang='lat' dir='ltr'><strong>loca</strong></span> <span class='ocrx_word' id='word_1_381' title='bbox 962 1809 1126 1849; x_wconf 91' lang='lat' dir='ltr'><strong>ipsorum,</strong></span> <span class='ocrx_word' id='word_1_382' title='bbox 1139 1818 1213 1849; x_wconf 85' lang='lat' dir='ltr'><strong>quae</strong></span> <span class='ocrx_word' id='word_1_383' title='bbox 1228 1809 1263 1839; x_wconf 90' lang='lat' dir='ltr'><strong>in</strong></span> <span class='ocrx_word' id='word_1_384' title='bbox 1276 1808 1423 1840; x_wconf 90' lang='lat' dir='ltr'><strong>diversis</strong></span> <span class='ocrx_word' id='word_1_385' title='bbox 1435 1808 1631 1849; x_wconf 83' lang='lat' dir='ltr'><strong>regionibus</strong></span> <span class='ocrx_word' id='word_1_386' title='bbox 1645 1809 1832 1840; x_wconf 84' lang='lat' dir='ltr'><strong>accrevisse</strong></span> <span class='ocrx_word' id='word_1_387' title='bbox 1845 1811 2040 1848; x_wconf 86' lang='lat' dir='ltr'><strong>noscuntur,</strong></span> <span class='ocrx_word' id='word_1_388' title='bbox 2058 1812 2260 1850; x_wconf 84' lang='lat' dir='ltr'><strong>extenditur,</strong></span> 
     </span>
     <span class='ocr_line' id='line_1_45' title="bbox 670 1862 2261 1903; baseline 0.001 -9"><span class='ocrx_word' id='word_1_389' title='bbox 670 1863 750 1894; x_wconf 92' lang='lat' dir='ltr'><strong>licet</strong></span> <span class='ocrx_word' id='word_1_390' title='bbox 765 1863 935 1894; x_wconf 89' lang='lat' dir='ltr'><strong>nonnullae</strong></span> <span class='ocrx_word' id='word_1_391' title='bbox 948 1862 1028 1894; x_wconf 89' lang='lat' dir='ltr'><strong>eccl.</strong></span> <span class='ocrx_word' id='word_1_392' title='bbox 1046 1862 1132 1893; x_wconf 89' lang='lat' dir='ltr'><strong>illud</strong></span> <span class='ocrx_word' id='word_1_393' title='bbox 1148 1863 1190 1893; x_wconf 88' lang='lat' dir='ltr'><strong>ad</strong></span> <span class='ocrx_word' id='word_1_394' title='bbox 1206 1862 1295 1893; x_wconf 80' lang='lat' dir='ltr'><strong>diota</strong></span> <span class='ocrx_word' id='word_1_395' title='bbox 1311 1862 1385 1893; x_wconf 90' lang='lat' dir='ltr'><strong>loca</strong></span> <span class='ocrx_word' id='word_1_396' title='bbox 1399 1870 1614 1902; x_wconf 83' lang='lat' dir='ltr'><strong>nequaquam</strong></span> <span class='ocrx_word' id='word_1_397' title='bbox 1625 1862 1762 1893; x_wconf 86' lang='lat' dir='ltr'><strong>extendi</strong></span> <span class='ocrx_word' id='word_1_398' title='bbox 1777 1863 1997 1903; x_wconf 73' lang='lat' dir='ltr'><strong>praetendant.</strong></span> <span class='ocrx_word' id='word_1_399' title='bbox 2012 1865 2064 1903; x_wconf 89' lang='lat' dir='ltr'><strong>(A.</strong></span> <span class='ocrx_word' id='word_1_400' title='bbox 2081 1866 2128 1901; x_wconf 89' lang='grc'><strong>12,</strong></span> <span class='ocrx_word' id='word_1_401' title='bbox 2146 1864 2168 1895; x_wconf 87' lang='lat' dir='ltr'><strong>f.</strong></span> <span class='ocrx_word' id='word_1_402' title='bbox 2186 1867 2261 1902; x_wconf 70' lang='lat'><strong>94³5</strong></span> 
     </span>
     <span class='ocr_line' id='line_1_46' title="bbox 678 1915 970 1955; baseline -0.003 -8"><span class='ocrx_word' id='word_1_403' title='bbox 678 1916 712 1947; x_wconf 89' lang='lat' dir='ltr'><strong>V.</strong></span> <span class='ocrx_word' id='word_1_404' title='bbox 728 1918 780 1953; x_wconf 91' lang='lat'><strong>69,</strong></span> <span class='ocrx_word' id='word_1_405' title='bbox 796 1925 848 1955; x_wconf 91' lang='lat' dir='ltr'><strong>ep.</strong></span> <span class='ocrx_word' id='word_1_406' title='bbox 864 1915 970 1955; x_wconf 90' lang='grc'>1077.)</span> 
     </span>
    </p>

    <p class='ocr_par' dir='ltr' id='par_1_19' title="bbox 671 1966 2264 2222">
     <span class='ocr_line' id='line_1_47' title="bbox 716 1966 2264 2011; baseline 0.003 -13"><span class='ocrx_word' id='word_1_407' title='bbox 716 1966 828 1998; x_wconf 85' lang='grc'>9796.</span> <span class='ocrx_word' id='word_1_408' title='bbox 845 1987 883 1992; x_wconf 87' lang='grc'>-</span> <span class='ocrx_word' id='word_1_409' title='bbox 912 1968 1078 2009; x_wconf 76' lang='lat' dir='ltr'><strong>Archiep.o</strong></span> <span class='ocrx_word' id='word_1_410' title='bbox 1096 1968 1300 1999; x_wconf 83' lang='lat' dir='ltr'><strong>Mediolanen.</strong></span> <span class='ocrx_word' id='word_1_411' title='bbox 1318 1968 1430 1999; x_wconf 91' lang='lat' dir='ltr'><strong>mand.</strong></span> <span class='ocrx_word' id='word_1_412' title='bbox 1459 1977 1519 2008; x_wconf 90' lang='lat' dir='ltr'><strong>pro</strong></span> <span class='ocrx_word' id='word_1_413' title='bbox 1551 1968 1762 2000; x_wconf 89' lang='lat' dir='ltr'><strong>absolutione</strong></span> <span class='ocrx_word' id='word_1_414' title='bbox 1793 1969 1834 2000; x_wconf 91' lang='lat' dir='ltr'><strong>ab</strong></span> <span class='ocrx_word' id='word_1_415' title='bbox 1851 1978 1981 2002; x_wconf 85' lang='lat' dir='ltr'><strong>excom.</strong></span> <span class='ocrx_word' id='word_1_416' title='bbox 2010 1979 2070 2010; x_wconf 89' lang='lat' dir='ltr'><strong>per</strong></span> <span class='ocrx_word' id='word_1_417' title='bbox 2100 1971 2264 2011; x_wconf 85' lang='lat' dir='ltr'><strong>quosdam</strong></span> 
     </span>
     <span class='ocr_line' id='line_1_48' title="bbox 672 2022 2264 2064; baseline 0.001 -10"><span class='ocrx_word' id='word_1_418' title='bbox 672 2032 762 2055; x_wconf 91' lang='lat' dir='ltr'><strong>mon.</strong></span> <span class='ocrx_word' id='word_1_419' title='bbox 778 2024 925 2054; x_wconf 87' lang='lat' dir='ltr'><strong>monast.</strong></span> <span class='ocrx_word' id='word_1_420' title='bbox 941 2022 1189 2059; x_wconf 86' lang='lat' dir='ltr'><strong>Fructuarien.‚</strong></span> <span class='ocrx_word' id='word_1_421' title='bbox 1209 2022 1246 2054; x_wconf 93' lang='grc' dir='ltr'><strong>Ο.</strong></span> <span class='ocrx_word' id='word_1_422' title='bbox 1265 2023 1299 2054; x_wconf 90' lang='lat' dir='ltr'><strong>S.</strong></span> <span class='ocrx_word' id='word_1_423' title='bbox 1314 2023 1365 2059; x_wconf 93' lang='lat' dir='ltr'>B.,</span> <span class='ocrx_word' id='word_1_424' title='bbox 1381 2022 1543 2062; x_wconf 90' lang='lat' dir='ltr'><strong>Yporien.</strong></span> <span class='ocrx_word' id='word_1_425' title='bbox 1556 2022 1616 2059; x_wconf 94' lang='lat' dir='ltr'><strong>di.‚</strong></span> <span class='ocrx_word' id='word_1_426' title='bbox 1631 2023 1768 2053; x_wconf 85' lang='lat' dir='ltr'><strong>incursa</strong></span> <span class='ocrx_word' id='word_1_427' title='bbox 1783 2023 1863 2062; x_wconf 89' lang='lat' dir='ltr'><strong>quia</strong></span> <span class='ocrx_word' id='word_1_428' title='bbox 1879 2024 2028 2054; x_wconf 87' lang='lat' dir='ltr'><strong>castrum</strong></span> <span class='ocrx_word' id='word_1_429' title='bbox 2042 2024 2082 2055; x_wconf 90' lang='lat' dir='ltr'><strong>de</strong></span> <span class='ocrx_word' id='word_1_430' title='bbox 2096 2024 2264 2064; x_wconf 90' lang='lat' dir='ltr'><strong>Vulpiano</strong></span> 
     </span>
     <span class='ocr_line' id='line_1_49' title="bbox 672 2075 2263 2115; baseline 0.001 -7"><span class='ocrx_word' id='word_1_431' title='bbox 672 2077 770 2108; x_wconf 86' lang='lat' dir='ltr'><strong>dictae</strong></span> <span class='ocrx_word' id='word_1_432' title='bbox 787 2075 848 2113; x_wconf 90' lang='lat' dir='ltr'><strong>di.‚</strong></span> <span class='ocrx_word' id='word_1_433' title='bbox 868 2075 911 2107; x_wconf 88' lang='lat' dir='ltr'><strong>ad</strong></span> <span class='ocrx_word' id='word_1_434' title='bbox 926 2075 1055 2107; x_wconf 86' lang='lat' dir='ltr'><strong>dictum</strong></span> <span class='ocrx_word' id='word_1_435' title='bbox 1072 2076 1216 2107; x_wconf 87' lang='lat' dir='ltr'><strong>monast.</strong></span> <span class='ocrx_word' id='word_1_436' title='bbox 1234 2075 1370 2115; x_wconf 70' lang='lat' dir='ltr'><strong>pertin,</strong></span> <span class='ocrx_word' id='word_1_437' title='bbox 1385 2077 1632 2115; x_wconf 88' lang='lat' dir='ltr'><strong>occupaverunt</strong></span> <span class='ocrx_word' id='word_1_438' title='bbox 1649 2077 1682 2107; x_wconf 88' lang='lat' dir='ltr'><strong>et</strong></span> <span class='ocrx_word' id='word_1_439' title='bbox 1693 2084 1810 2107; x_wconf 86' lang='lat' dir='ltr'><strong>eorum</strong></span> <span class='ocrx_word' id='word_1_440' title='bbox 1824 2075 1900 2107; x_wconf 87' lang='lat' dir='ltr'><strong>abb.</strong></span> <span class='ocrx_word' id='word_1_441' title='bbox 1912 2076 2001 2108; x_wconf 90' lang='lat' dir='ltr'><strong>circa</strong></span> <span class='ocrx_word' id='word_1_442' title='bbox 2015 2077 2158 2108; x_wconf 88' lang='lat' dir='ltr'><strong>duarum</strong></span> <span class='ocrx_word' id='word_1_443' title='bbox 2168 2077 2263 2109; x_wconf 88' lang='lat' dir='ltr'><strong>hora-</strong></span> 
     </span>
     <span class='ocr_line' id='line_1_50' title="bbox 671 2128 2263 2169; baseline 0.001 -8"><span class='ocrx_word' id='word_1_444' title='bbox 671 2138 749 2161; x_wconf 89' lang='lat' dir='ltr'><strong>rum</strong></span> <span class='ocrx_word' id='word_1_445' title='bbox 768 2129 917 2169; x_wconf 91' lang='lat' dir='ltr'><strong>spatium</strong></span> <span class='ocrx_word' id='word_1_446' title='bbox 938 2129 1166 2164; x_wconf 86' lang='lat' dir='ltr'><strong>detinuerunt,</strong></span> <span class='ocrx_word' id='word_1_447' title='bbox 1192 2137 1259 2159; x_wconf 92' lang='lat' dir='ltr'><strong>non</strong></span> <span class='ocrx_word' id='word_1_448' title='bbox 1279 2130 1392 2159; x_wconf 84' lang='lat' dir='ltr'><strong>tamen</strong></span> <span class='ocrx_word' id='word_1_449' title='bbox 1409 2128 1522 2159; x_wconf 87' lang='lat' dir='ltr'><strong>animo</strong></span> <span class='ocrx_word' id='word_1_450' title='bbox 1545 2128 1655 2168; x_wconf 86' lang='lat' dir='ltr'><strong>ipsam</strong></span> <span class='ocrx_word' id='word_1_451' title='bbox 1674 2129 1859 2167; x_wconf 87' lang='lat' dir='ltr'><strong>detinendi,</strong></span> <span class='ocrx_word' id='word_1_452' title='bbox 1880 2130 1940 2161; x_wconf 90' lang='lat' dir='ltr'><strong>sed</strong></span> <span class='ocrx_word' id='word_1_453' title='bbox 1960 2130 2080 2162; x_wconf 88' lang='lat' dir='ltr'><strong>timore</strong></span> <span class='ocrx_word' id='word_1_454' title='bbox 2101 2139 2142 2162; x_wconf 92' lang='lat' dir='ltr'><strong>ne</strong></span> <span class='ocrx_word' id='word_1_455' title='bbox 2159 2130 2263 2163; x_wconf 89' lang='lat' dir='ltr'><strong>homi-</strong></span> 
     </span>
     <span class='ocr_line' id='line_1_51' title="bbox 672 2181 1586 2222; baseline -0.001 -8"><span class='ocrx_word' id='word_1_456' title='bbox 672 2183 761 2215; x_wconf 88' lang='lat' dir='ltr'><strong>cidia</strong></span> <span class='ocrx_word' id='word_1_457' title='bbox 777 2183 966 2222; x_wconf 85' lang='lat' dir='ltr'><strong>agerentur.</strong></span> <span class='ocrx_word' id='word_1_458' title='bbox 983 2182 1036 2222; x_wconf 89' lang='lat' dir='ltr'><strong>(A.</strong></span> <span class='ocrx_word' id='word_1_459' title='bbox 1057 2183 1105 2217; x_wconf 89' lang='lat'><strong>12,</strong></span> <span class='ocrx_word' id='word_1_460' title='bbox 1124 2182 1146 2212; x_wconf 86' lang='lat' dir='ltr'><strong>f.</strong></span> <span class='ocrx_word' id='word_1_461' title='bbox 1162 2183 1221 2213; x_wconf 79' lang='lat'><strong>415</strong></span> <span class='ocrx_word' id='word_1_462' title='bbox 1238 2181 1267 2219; x_wconf 76' lang='lat'><strong>¹³3</strong></span> <span class='ocrx_word' id='word_1_463' title='bbox 1290 2181 1326 2212; x_wconf 95' lang='lat' dir='ltr'>V.</span> <span class='ocrx_word' id='word_1_464' title='bbox 1342 2183 1393 2219; x_wconf 89' lang='lat'><strong>69,</strong></span> <span class='ocrx_word' id='word_1_465' title='bbox 1412 2190 1464 2221; x_wconf 91' lang='lat' dir='ltr'><strong>ep.</strong></span> <span class='ocrx_word' id='word_1_466' title='bbox 1482 2182 1586 2220; x_wconf 84' lang='lat'><strong>1293.)</strong></span> 
     </span>
    </p>

    <p class='ocr_par' dir='ltr' id='par_1_20' title="bbox 673 2233 2265 2327">
     <span class='ocr_line' id='line_1_52' title="bbox 717 2233 2265 2275; baseline 0.002 -10"><span class='ocrx_word' id='word_1_467' title='bbox 717 2233 828 2265; x_wconf 82' lang='grc'>9797.</span> <span class='ocrx_word' id='word_1_468' title='bbox 846 2253 885 2258; x_wconf 94' lang='grc'>-</span> <span class='ocrx_word' id='word_1_469' title='bbox 900 2235 1025 2266; x_wconf 85' lang='lat' dir='ltr'><strong>Indult.</strong></span> <span class='ocrx_word' id='word_1_470' title='bbox 1043 2243 1104 2275; x_wconf 88' lang='lat' dir='ltr'><strong>pro</strong></span> <span class='ocrx_word' id='word_1_471' title='bbox 1125 2234 1251 2266; x_wconf 74' lang='lat' dir='ltr'><strong>Galerio</strong></span> <span class='ocrx_word' id='word_1_472' title='bbox 1274 2234 1429 2275; x_wconf 80' lang='lat' dir='ltr'><strong>archiep.o</strong></span> <span class='ocrx_word' id='word_1_473' title='bbox 1448 2234 1583 2266; x_wconf 83' lang='lat' dir='ltr'><strong>Toletan.</strong></span> <span class='ocrx_word' id='word_1_474' title='bbox 1603 2236 1640 2266; x_wconf 89' lang='lat' dir='ltr'><strong>ut</strong></span> <span class='ocrx_word' id='word_1_475' title='bbox 1653 2235 1747 2272; x_wconf 87' lang='lat' dir='ltr'><strong>cler.‚</strong></span> <span class='ocrx_word' id='word_1_476' title='bbox 1764 2235 1822 2275; x_wconf 91' lang='lat' dir='ltr'><strong>qui</strong></span> <span class='ocrx_word' id='word_1_477' title='bbox 1837 2244 1913 2267; x_wconf 87' lang='lat' dir='ltr'><strong>cum</strong></span> <span class='ocrx_word' id='word_1_478' title='bbox 1932 2244 1971 2267; x_wconf 91' lang='lat' dir='ltr'><strong>eo</strong></span> <span class='ocrx_word' id='word_1_479' title='bbox 1992 2237 2025 2267; x_wconf 90' lang='lat' dir='ltr'><strong>et</strong></span> <span class='ocrx_word' id='word_1_480' title='bbox 2042 2236 2114 2275; x_wconf 89' lang='lat' dir='ltr'><strong>ejus</strong></span> <span class='ocrx_word' id='word_1_481' title='bbox 2132 2245 2265 2268; x_wconf 89' lang='lat' dir='ltr'><strong>succes-</strong></span> 
     </span>
     <span class='ocr_line' id='line_1_53' title="bbox 673 2288 2264 2327; baseline -0.001 -6"><span class='ocrx_word' id='word_1_482' title='bbox 673 2289 810 2321; x_wconf 90' lang='lat' dir='ltr'><strong>soribus</strong></span> <span class='ocrx_word' id='word_1_483' title='bbox 826 2289 862 2320; x_wconf 89' lang='lat' dir='ltr'><strong>in</strong></span> <span class='ocrx_word' id='word_1_484' title='bbox 884 2289 1036 2320; x_wconf 84' lang='lat' dir='ltr'><strong>favorem</strong></span> <span class='ocrx_word' id='word_1_485' title='bbox 1054 2288 1133 2319; x_wconf 86' lang='lat' dir='ltr'><strong>fidei</strong></span> <span class='ocrx_word' id='word_1_486' title='bbox 1149 2288 1191 2319; x_wconf 88' lang='lat' dir='ltr'><strong>ad</strong></span> <span class='ocrx_word' id='word_1_487' title='bbox 1215 2288 1415 2319; x_wconf 86' lang='lat' dir='ltr'><strong>fronteriam</strong></span> <span class='ocrx_word' id='word_1_488' title='bbox 1436 2288 1698 2319; x_wconf 79' lang='lat' dir='ltr'><strong>sarracenorum</strong></span> <span class='ocrx_word' id='word_1_489' title='bbox 1724 2289 1940 2327; x_wconf 86' lang='lat' dir='ltr'><strong>accesserint,</strong></span> <span class='ocrx_word' id='word_1_490' title='bbox 1961 2289 2092 2321; x_wconf 86' lang='lat' dir='ltr'><strong>fructus</strong></span> <span class='ocrx_word' id='word_1_491' title='bbox 2114 2289 2264 2321; x_wconf 91' lang='lat' dir='ltr'><strong>omnium</strong></span> 
     </span>
    </p>
   </div>
   <div class='ocr_carea' id='block_1_15' title="bbox 664 2341 2263 2382">
    <p class='ocr_par' dir='ltr' id='par_1_21' title="bbox 664 2341 2263 2382">
     <span class='ocr_line' id='line_1_54' title="bbox 664 2341 2263 2382; baseline -0.001 -8"><span class='ocrx_word' id='word_1_492' title='bbox 664 2343 784 2374; x_wconf 87' lang='lat' dir='ltr'><strong>benef.</strong></span> <span class='ocrx_word' id='word_1_493' title='bbox 803 2350 943 2374; x_wconf 89' lang='lat' dir='ltr'><strong>suorum</strong></span> <span class='ocrx_word' id='word_1_494' title='bbox 957 2341 1084 2382; x_wconf 84' lang='lat' dir='ltr'><strong>absque</strong></span> <span class='ocrx_word' id='word_1_495' title='bbox 1100 2341 1286 2373; x_wconf 83' lang='lat' dir='ltr'><strong>residentia</strong></span> <span class='ocrx_word' id='word_1_496' title='bbox 1303 2341 1432 2381; x_wconf 88' lang='lat' dir='ltr'><strong>integre</strong></span> <span class='ocrx_word' id='word_1_497' title='bbox 1446 2341 1619 2381; x_wconf 89' lang='lat' dir='ltr'><strong>percipere</strong></span> <span class='ocrx_word' id='word_1_498' title='bbox 1635 2342 1780 2373; x_wconf 90' lang='lat' dir='ltr'><strong>valeant.</strong></span> <span class='ocrx_word' id='word_1_499' title='bbox 1795 2358 1833 2364; x_wconf 94' lang='lat'><strong>——</strong></span> <span class='ocrx_word' id='word_1_500' title='bbox 1845 2342 1872 2373; x_wconf 93' lang='lat' dir='ltr'>I.</span> <span class='ocrx_word' id='word_1_501' title='bbox 1892 2350 1921 2374; x_wconf 90' lang='lat' dir='ltr'><strong>e.</strong></span> <span class='ocrx_word' id='word_1_502' title='bbox 1938 2351 1983 2374; x_wconf 92' lang='lat' dir='ltr'><strong>m.</strong></span> <span class='ocrx_word' id='word_1_503' title='bbox 2001 2342 2126 2374; x_wconf 84' lang='lat' dir='ltr'><strong>archid.</strong></span> <span class='ocrx_word' id='word_1_504' title='bbox 2144 2343 2263 2382; x_wconf 91' lang='lat' dir='ltr'><strong>Opten.</strong></span> 
     </span>
    </p>
   </div>
   <div class='ocr_carea' id='block_1_16' title="bbox 674 2394 2264 2488">
    <p class='ocr_par' dir='ltr' id='par_1_22' title="bbox 674 2394 2264 2488">
     <span class='ocr_line' id='line_1_55' title="bbox 674 2394 2264 2435; baseline -0.001 -7"><span class='ocrx_word' id='word_1_505' title='bbox 674 2396 898 2432; x_wconf 88' lang='lat' dir='ltr'><strong>Conchen.‚et</strong></span> <span class='ocrx_word' id='word_1_506' title='bbox 913 2395 1051 2427; x_wconf 88' lang='lat' dir='ltr'><strong>scolast.</strong></span> <span class='ocrx_word' id='word_1_507' title='bbox 1063 2394 1253 2435; x_wconf 67' lang='lat' dir='ltr'><strong>segobien,</strong></span> <span class='ocrx_word' id='word_1_508' title='bbox 1272 2403 1309 2426; x_wconf 91' lang='lat' dir='ltr'><strong>ac</strong></span> <span class='ocrx_word' id='word_1_509' title='bbox 1325 2395 1491 2427; x_wconf 89' lang='lat' dir='ltr'><strong>Roderico</strong></span> <span class='ocrx_word' id='word_1_510' title='bbox 1504 2394 1635 2432; x_wconf 87' lang='lat' dir='ltr'><strong>Didaci,</strong></span> <span class='ocrx_word' id='word_1_511' title='bbox 1652 2394 1760 2434; x_wconf 88' lang='lat' dir='ltr'><strong>ejusd.</strong></span> <span class='ocrx_word' id='word_1_512' title='bbox 1778 2395 1943 2427; x_wconf 88' lang='lat' dir='ltr'><strong>Conchen.</strong></span> <span class='ocrx_word' id='word_1_513' title='bbox 1960 2404 2032 2427; x_wconf 91' lang='lat' dir='ltr'><strong>can.</strong></span> <span class='ocrx_word' id='word_1_514' title='bbox 2049 2395 2128 2426; x_wconf 89' lang='lat' dir='ltr'><strong>eccl.</strong></span> <span class='ocrx_word' id='word_1_515' title='bbox 2141 2395 2195 2435; x_wconf 83' lang='lat' dir='ltr'>(A.</span> <span class='ocrx_word' id='word_1_516' title='bbox 2215 2397 2264 2431; x_wconf 87' lang='lat'><strong>12,</strong></span> 
     </span>
     <span class='ocr_line' id='line_1_56' title="bbox 676 2448 1136 2488; baseline -0.007 -7"><span class='ocrx_word' id='word_1_517' title='bbox 676 2450 698 2481; x_wconf 89' lang='lat' dir='ltr'><strong>f.</strong></span> <span class='ocrx_word' id='word_1_518' title='bbox 715 2451 775 2482; x_wconf 75' lang='lat'><strong>423</strong></span> <span class='ocrx_word' id='word_1_519' title='bbox 791 2455 822 2485; x_wconf 79' lang='lat' dir='ltr'><strong>a;</strong></span> <span class='ocrx_word' id='word_1_520' title='bbox 843 2449 879 2480; x_wconf 91' lang='lat' dir='ltr'>V.</span> <span class='ocrx_word' id='word_1_521' title='bbox 896 2451 947 2486; x_wconf 85' lang='lat'><strong>69,</strong></span> <span class='ocrx_word' id='word_1_522' title='bbox 961 2457 1013 2488; x_wconf 87' lang='lat' dir='ltr'><strong>ep.</strong></span> <span class='ocrx_word' id='word_1_523' title='bbox 1031 2448 1136 2488; x_wconf 82' lang='lat'>1351.)</span> 
     </span>
    </p>
   </div>
   <div class='ocr_carea' id='block_1_17' title="bbox 719 2500 2264 2542">
    <p class='ocr_par' dir='ltr' id='par_1_23' title="bbox 719 2500 2264 2542">
     <span class='ocr_line' id='line_1_57' title="bbox 719 2500 2264 2542; baseline -0.001 -10"><span class='ocrx_word' id='word_1_524' title='bbox 719 2500 831 2532; x_wconf 87' lang='grc'>9798.</span> <span class='ocrx_word' id='word_1_525' title='bbox 848 2520 887 2525; x_wconf 91' lang='grc'>-</span> <span class='ocrx_word' id='word_1_526' title='bbox 905 2501 1030 2533; x_wconf 81' lang='lat' dir='ltr'><strong>Guterio</strong></span> <span class='ocrx_word' id='word_1_527' title='bbox 1045 2501 1203 2542; x_wconf 78' lang='lat' dir='ltr'><strong>archiep.o</strong></span> <span class='ocrx_word' id='word_1_528' title='bbox 1221 2501 1357 2532; x_wconf 79' lang='lat' dir='ltr'><strong>Toletan.</strong></span> <span class='ocrx_word' id='word_1_529' title='bbox 1376 2501 1477 2533; x_wconf 86' lang='lat' dir='ltr'><strong>facul.</strong></span> <span class='ocrx_word' id='word_1_530' title='bbox 1493 2501 1651 2533; x_wconf 87' lang='lat' dir='ltr'><strong>testandi.</strong></span> <span class='ocrx_word' id='word_1_531' title='bbox 1672 2501 1724 2540; x_wconf 89' lang='lat' dir='ltr'>(A.</span> <span class='ocrx_word' id='word_1_532' title='bbox 1744 2501 1824 2538; x_wconf 88' lang='lat' dir='ltr'>12‚f.</span> <span class='ocrx_word' id='word_1_533' title='bbox 1846 2503 1904 2533; x_wconf 90' lang='lat'><strong>216</strong></span> <span class='ocrx_word' id='word_1_534' title='bbox 1920 2501 1949 2538; x_wconf 58' lang='grc' dir='ltr'><strong>ὓς</strong></span> <span class='ocrx_word' id='word_1_535' title='bbox 1968 2500 2002 2531; x_wconf 90' lang='lat' dir='ltr'><strong>V.</strong></span> <span class='ocrx_word' id='word_1_536' title='bbox 2021 2501 2069 2536; x_wconf 87' lang='grc'><strong>70,</strong></span> <span class='ocrx_word' id='word_1_537' title='bbox 2088 2509 2141 2540; x_wconf 87' lang='lat' dir='ltr'><strong>ep.</strong></span> <span class='ocrx_word' id='word_1_538' title='bbox 2161 2501 2264 2539; x_wconf 87' lang='grc'>1267.)</span> 
     </span>
    </p>
   </div>
   <div class='ocr_carea' id='block_1_18' title="bbox 676 2606 2265 3022">
    <p class='ocr_par' dir='ltr' id='par_1_24' title="bbox 676 2606 2265 3022">
     <span class='ocr_line' id='line_1_58' title="bbox 720 2606 2264 2649; baseline 0 -11"><span class='ocrx_word' id='word_1_539' title='bbox 720 2609 731 2620; x_wconf 83' lang='lat'><strong>⁴¹</strong></span> <span class='ocrx_word' id='word_1_540' title='bbox 751 2606 863 2638; x_wconf 89' lang='grc'>9799.</span> <span class='ocrx_word' id='word_1_541' title='bbox 880 2626 920 2632; x_wconf 90' lang='lat'><strong>—-</strong></span> <span class='ocrx_word' id='word_1_542' title='bbox 936 2608 1103 2649; x_wconf 82' lang='lat' dir='ltr'><strong>Archiep.o</strong></span> <span class='ocrx_word' id='word_1_543' title='bbox 1122 2607 1276 2646; x_wconf 60' lang='lat' dir='ltr'><strong>Tolosam,</strong></span> <span class='ocrx_word' id='word_1_544' title='bbox 1295 2613 1323 2638; x_wconf 83' lang='lat' dir='ltr'><strong>el</strong></span> <span class='ocrx_word' id='word_1_545' title='bbox 1336 2608 1562 2649; x_wconf 77' lang='lat' dir='ltr'><strong>Appamiarum</strong></span> <span class='ocrx_word' id='word_1_546' title='bbox 1580 2617 1615 2638; x_wconf 86' lang='lat' dir='ltr'><strong>ac</strong></span> <span class='ocrx_word' id='word_1_547' title='bbox 1636 2618 1660 2638; x_wconf 89' lang='lat' dir='ltr'><strong>s.</strong></span> <span class='ocrx_word' id='word_1_548' title='bbox 1678 2606 1794 2648; x_wconf 83' lang='lat' dir='ltr'><strong>Papuli</strong></span> <span class='ocrx_word' id='word_1_549' title='bbox 1812 2607 1890 2647; x_wconf 83' lang='lat' dir='ltr'><strong>ep.is</strong></span> <span class='ocrx_word' id='word_1_550' title='bbox 1906 2606 2016 2638; x_wconf 87' lang='lat' dir='ltr'><strong>mand.</strong></span> <span class='ocrx_word' id='word_1_551' title='bbox 2034 2607 2070 2637; x_wconf 83' lang='lat' dir='ltr'><strong>ut</strong></span> <span class='ocrx_word' id='word_1_552' title='bbox 2091 2606 2264 2646; x_wconf 84' lang='lat' dir='ltr'><strong>inquirant</strong></span> 
     </span>
     <span class='ocr_line' id='line_1_59' title="bbox 677 2659 2263 2702; baseline -0.003 -7"><span class='ocrx_word' id='word_1_553' title='bbox 677 2664 793 2695; x_wconf 88' lang='lat' dir='ltr'><strong>contra</strong></span> <span class='ocrx_word' id='word_1_554' title='bbox 813 2663 1024 2695; x_wconf 89' lang='lat' dir='ltr'><strong>Bernardum</strong></span> <span class='ocrx_word' id='word_1_555' title='bbox 1045 2662 1220 2699; x_wconf 89' lang='lat' dir='ltr'><strong>Deliciosi,</strong></span> <span class='ocrx_word' id='word_1_556' title='bbox 1239 2662 1311 2693; x_wconf 88' lang='lat' dir='ltr'><strong>ord.</strong></span> <span class='ocrx_word' id='word_1_557' title='bbox 1331 2662 1427 2698; x_wconf 84' lang='lat' dir='ltr'><strong>min.‚</strong></span> <span class='ocrx_word' id='word_1_558' title='bbox 1448 2663 1504 2702; x_wconf 89' lang='lat' dir='ltr'><strong>qui</strong></span> <span class='ocrx_word' id='word_1_559' title='bbox 1521 2661 1719 2701; x_wconf 87' lang='lat' dir='ltr'><strong>conspirans</strong></span> <span class='ocrx_word' id='word_1_560' title='bbox 1735 2661 1770 2690; x_wconf 90' lang='lat' dir='ltr'><strong>in</strong></span> <span class='ocrx_word' id='word_1_561' title='bbox 1786 2661 1928 2691; x_wconf 91' lang='lat' dir='ltr'><strong>mortem</strong></span> <span class='ocrx_word' id='word_1_562' title='bbox 1942 2659 2114 2691; x_wconf 88' lang='lat' dir='ltr'><strong>Benedicti</strong></span> <span class='ocrx_word' id='word_1_563' title='bbox 2127 2659 2194 2690; x_wconf 90' lang='grc' dir='ltr'><strong>ΡΡ.</strong></span> <span class='ocrx_word' id='word_1_564' title='bbox 2213 2659 2263 2691; x_wconf 88' lang='grc' dir='ltr'><strong>ΧΙ</strong></span> 
     </span>
     <span class='ocr_line' id='line_1_60' title="bbox 677 2711 2260 2756; baseline -0.004 -9"><span class='ocrx_word' id='word_1_565' title='bbox 677 2725 815 2756; x_wconf 86' lang='lat' dir='ltr'><strong>operam</strong></span> <span class='ocrx_word' id='word_1_566' title='bbox 834 2715 926 2747; x_wconf 88' lang='lat' dir='ltr'><strong>dedit</strong></span> <span class='ocrx_word' id='word_1_567' title='bbox 941 2717 978 2747; x_wconf 87' lang='lat' dir='ltr'><strong>ut</strong></span> <span class='ocrx_word' id='word_1_568' title='bbox 994 2715 1116 2747; x_wconf 88' lang='lat' dir='ltr'><strong>veneni</strong></span> <span class='ocrx_word' id='word_1_569' title='bbox 1131 2715 1251 2755; x_wconf 90' lang='lat' dir='ltr'><strong>poculo</strong></span> <span class='ocrx_word' id='word_1_570' title='bbox 1274 2717 1450 2746; x_wconf 83' lang='lat' dir='ltr'><strong>necaretur</strong></span> <span class='ocrx_word' id='word_1_571' title='bbox 1462 2725 1472 2751; x_wconf 80' lang='lat'>;</span> <span class='ocrx_word' id='word_1_572' title='bbox 1493 2723 1570 2746; x_wconf 85' lang='lat' dir='ltr'><strong>cum</strong></span> <span class='ocrx_word' id='word_1_573' title='bbox 1592 2713 1794 2753; x_wconf 88' lang='lat' dir='ltr'><strong>quibusdam</strong></span> <span class='ocrx_word' id='word_1_574' title='bbox 1808 2711 2002 2743; x_wconf 88' lang='lat' dir='ltr'><strong>hominibus</strong></span> <span class='ocrx_word' id='word_1_575' title='bbox 2019 2711 2260 2743; x_wconf 87' lang='lat' dir='ltr'><strong>Carcassonen.</strong></span> 
     </span>
     <span class='ocr_line' id='line_1_61' title="bbox 677 2764 2262 2810; baseline -0.004 -9"><span class='ocrx_word' id='word_1_576' title='bbox 677 2771 710 2801; x_wconf 90' lang='lat' dir='ltr'><strong>et</strong></span> <span class='ocrx_word' id='word_1_577' title='bbox 732 2769 887 2810; x_wconf 88' lang='lat' dir='ltr'><strong>syndicis</strong></span> <span class='ocrx_word' id='word_1_578' title='bbox 910 2768 1045 2800; x_wconf 90' lang='lat' dir='ltr'><strong>Albien.</strong></span> <span class='ocrx_word' id='word_1_579' title='bbox 1070 2777 1108 2800; x_wconf 88' lang='lat' dir='ltr'><strong>ac</strong></span> <span class='ocrx_word' id='word_1_580' title='bbox 1135 2769 1237 2800; x_wconf 87' lang='lat' dir='ltr'><strong>castri</strong></span> <span class='ocrx_word' id='word_1_581' title='bbox 1254 2769 1294 2800; x_wconf 93' lang='lat' dir='ltr'><strong>de</strong></span> <span class='ocrx_word' id='word_1_582' title='bbox 1311 2768 1454 2804; x_wconf 81' lang='lat' dir='ltr'><strong>Cordua,</strong></span> <span class='ocrx_word' id='word_1_583' title='bbox 1476 2767 1610 2799; x_wconf 88' lang='lat' dir='ltr'><strong>Albien.</strong></span> <span class='ocrx_word' id='word_1_584' title='bbox 1636 2766 1694 2801; x_wconf 88' lang='lat' dir='ltr'><strong>di.‚</strong></span> <span class='ocrx_word' id='word_1_585' title='bbox 1717 2765 1856 2796; x_wconf 90' lang='lat' dir='ltr'><strong>molitus</strong></span> <span class='ocrx_word' id='word_1_586' title='bbox 1880 2765 1930 2796; x_wconf 92' lang='lat' dir='ltr'><strong>est</strong></span> <span class='ocrx_word' id='word_1_587' title='bbox 1950 2765 1987 2795; x_wconf 91' lang='lat' dir='ltr'><strong>ut</strong></span> <span class='ocrx_word' id='word_1_588' title='bbox 2008 2773 2026 2795; x_wconf 89' lang='lat' dir='ltr'><strong>a</strong></span> <span class='ocrx_word' id='word_1_589' title='bbox 2043 2764 2204 2796; x_wconf 88' lang='lat' dir='ltr'><strong>fidelitate</strong></span> <span class='ocrx_word' id='word_1_590' title='bbox 2221 2764 2262 2795; x_wconf 90' lang='lat' dir='ltr'><strong>cl.</strong></span> 
     </span>
     <span class='ocr_line' id='line_1_62' title="bbox 676 2816 2265 2863; baseline -0.004 -9"><span class='ocrx_word' id='word_1_591' title='bbox 676 2831 742 2854; x_wconf 88' lang='lat' dir='ltr'><strong>me.</strong></span> <span class='ocrx_word' id='word_1_592' title='bbox 760 2822 852 2863; x_wconf 89' lang='lat' dir='ltr'><strong>regis</strong></span> <span class='ocrx_word' id='word_1_593' title='bbox 867 2822 1018 2853; x_wconf 86' lang='lat' dir='ltr'><strong>Franciae</strong></span> <span class='ocrx_word' id='word_1_594' title='bbox 1032 2822 1225 2853; x_wconf 86' lang='lat' dir='ltr'><strong>recederent</strong></span> <span class='ocrx_word' id='word_1_595' title='bbox 1241 2823 1274 2853; x_wconf 91' lang='lat' dir='ltr'><strong>et</strong></span> <span class='ocrx_word' id='word_1_596' title='bbox 1290 2821 1470 2861; x_wconf 88' lang='lat' dir='ltr'><strong>quemdam</strong></span> <span class='ocrx_word' id='word_1_597' title='bbox 1484 2821 1654 2860; x_wconf 84' lang='lat' dir='ltr'><strong>potentem</strong></span> <span class='ocrx_word' id='word_1_598' title='bbox 1668 2819 1703 2849; x_wconf 92' lang='lat' dir='ltr'><strong>in</strong></span> <span class='ocrx_word' id='word_1_599' title='bbox 1719 2818 1835 2849; x_wconf 90' lang='lat' dir='ltr'><strong>d.num</strong></span> <span class='ocrx_word' id='word_1_600' title='bbox 1851 2817 1916 2848; x_wconf 89' lang='lat' dir='ltr'><strong>sibi</strong></span> <span class='ocrx_word' id='word_1_601' title='bbox 1936 2818 2158 2853; x_wconf 87' lang='lat' dir='ltr'><strong>assumerent,</strong></span> <span class='ocrx_word' id='word_1_602' title='bbox 2174 2816 2265 2856; x_wconf 89' lang='lat' dir='ltr'><strong>quod</strong></span> 
     </span>
     <span class='ocr_line' id='line_1_63' title="bbox 677 2869 2264 2916; baseline -0.004 -9"><span class='ocrx_word' id='word_1_603' title='bbox 677 2876 710 2908; x_wconf 90' lang='lat' dir='ltr'><strong>et</strong></span> <span class='ocrx_word' id='word_1_604' title='bbox 729 2875 809 2907; x_wconf 88' lang='lat' dir='ltr'><strong>fecit</strong></span> <span class='ocrx_word' id='word_1_605' title='bbox 825 2875 935 2916; x_wconf 87' lang='lat' dir='ltr'><strong>(cujus</strong></span> <span class='ocrx_word' id='word_1_606' title='bbox 961 2875 1099 2915; x_wconf 86' lang='lat' dir='ltr'><strong>quidem</strong></span> <span class='ocrx_word' id='word_1_607' title='bbox 1120 2875 1322 2914; x_wconf 84' lang='lat' dir='ltr'><strong>proditionis</strong></span> <span class='ocrx_word' id='word_1_608' title='bbox 1346 2875 1467 2905; x_wconf 86' lang='lat' dir='ltr'><strong>Petrus</strong></span> <span class='ocrx_word' id='word_1_609' title='bbox 1490 2873 1591 2904; x_wconf 83' lang='lat' dir='ltr'><strong>Probi</strong></span> <span class='ocrx_word' id='word_1_610' title='bbox 1616 2872 1656 2902; x_wconf 92' lang='lat' dir='ltr'><strong>de</strong></span> <span class='ocrx_word' id='word_1_611' title='bbox 1679 2870 1808 2902; x_wconf 87' lang='lat' dir='ltr'><strong>Castris</strong></span> <span class='ocrx_word' id='word_1_612' title='bbox 1832 2871 1864 2902; x_wconf 88' lang='lat' dir='ltr'><strong>et</strong></span> <span class='ocrx_word' id='word_1_613' title='bbox 1886 2870 2056 2901; x_wconf 88' lang='lat' dir='ltr'><strong>Arnaldus</strong></span> <span class='ocrx_word' id='word_1_614' title='bbox 2075 2869 2203 2901; x_wconf 83' lang='lat' dir='ltr'><strong>Garsiae</strong></span> <span class='ocrx_word' id='word_1_615' title='bbox 2223 2869 2264 2901; x_wconf 89' lang='lat' dir='ltr'><strong>de</strong></span> 
     </span>
     <span class='ocr_line' id='line_1_64' title="bbox 677 2922 2264 2968; baseline -0.004 -8"><span class='ocrx_word' id='word_1_616' title='bbox 677 2928 779 2960; x_wconf 91' lang='lat' dir='ltr'><strong>Albia</strong></span> <span class='ocrx_word' id='word_1_617' title='bbox 794 2928 909 2960; x_wconf 87' lang='lat' dir='ltr'><strong>clerici</strong></span> <span class='ocrx_word' id='word_1_618' title='bbox 925 2928 1109 2968; x_wconf 88' lang='lat' dir='ltr'><strong>participes</strong></span> <span class='ocrx_word' id='word_1_619' title='bbox 1136 2927 1244 2959; x_wconf 90' lang='lat' dir='ltr'><strong>fuisse</strong></span> <span class='ocrx_word' id='word_1_620' title='bbox 1267 2926 1438 2966; x_wconf 86' lang='lat' dir='ltr'><strong>dicuntur)</strong></span> <span class='ocrx_word' id='word_1_621' title='bbox 1449 2936 1458 2962; x_wconf 67' lang='grc' dir='ltr'><strong><em>ς</em></strong></span> <span class='ocrx_word' id='word_1_622' title='bbox 1478 2926 1602 2957; x_wconf 91' lang='lat' dir='ltr'><strong>multos</strong></span> <span class='ocrx_word' id='word_1_623' title='bbox 1615 2924 1717 2956; x_wconf 90' lang='lat' dir='ltr'><strong>etiam</strong></span> <span class='ocrx_word' id='word_1_624' title='bbox 1737 2932 1898 2955; x_wconf 84' lang='lat' dir='ltr'><strong>excessus</strong></span> <span class='ocrx_word' id='word_1_625' title='bbox 1914 2925 2029 2954; x_wconf 88' lang='lat' dir='ltr'><strong>contra</strong></span> <span class='ocrx_word' id='word_1_626' title='bbox 2043 2922 2264 2963; x_wconf 86' lang='lat' dir='ltr'><strong>inquisitores</strong></span> 
     </span>
     <span class='ocr_line' id='line_1_65' title="bbox 676 2975 2265 3022; baseline -0.005 -9"><span class='ocrx_word' id='word_1_627' title='bbox 676 2981 833 3013; x_wconf 82' lang='lat' dir='ltr'><strong>hereticae</strong></span> <span class='ocrx_word' id='word_1_628' title='bbox 849 2981 1028 3022; x_wconf 86' lang='lat' dir='ltr'><strong>pravitatis</strong></span> <span class='ocrx_word' id='word_1_629' title='bbox 1051 2981 1258 3020; x_wconf 89' lang='lat' dir='ltr'><strong>perpetravit</strong></span> <span class='ocrx_word' id='word_1_630' title='bbox 1267 2990 1277 3017; x_wconf 79' lang='lat'><em>3</em></span> <span class='ocrx_word' id='word_1_631' title='bbox 1299 2988 1384 3020; x_wconf 86' lang='lat' dir='ltr'><strong>quos</strong></span> <span class='ocrx_word' id='word_1_632' title='bbox 1409 2979 1545 3019; x_wconf 86' lang='lat' dir='ltr'><strong>quidem</strong></span> <span class='ocrx_word' id='word_1_633' title='bbox 1568 2976 1776 3009; x_wconf 88' lang='lat' dir='ltr'><strong>Bernardum</strong></span> <span class='ocrx_word' id='word_1_634' title='bbox 1793 2977 1826 3007; x_wconf 87' lang='lat' dir='ltr'><strong>et</strong></span> <span class='ocrx_word' id='word_1_635' title='bbox 1842 2975 1995 3013; x_wconf 85' lang='lat' dir='ltr'><strong>clericos,</strong></span> <span class='ocrx_word' id='word_1_636' title='bbox 2009 2975 2080 3014; x_wconf 85' lang='lat' dir='ltr'><strong>jam</strong></span> <span class='ocrx_word' id='word_1_637' title='bbox 2098 2975 2213 3015; x_wconf 86' lang='lat' dir='ltr'><strong>captos</strong></span> <span class='ocrx_word' id='word_1_638' title='bbox 2231 2975 2265 3006; x_wconf 88' lang='lat' dir='ltr'><strong>et</strong></span> 
     </span>
    </p>
   </div>
   <div class='ocr_carea' id='block_1_19' title="bbox 393 3073 2124 3108">
    <p class='ocr_par' dir='ltr' id='par_1_25' title="bbox 393 3073 2124 3108">
     <span class='ocr_line' id='line_1_66' title="bbox 393 3073 2124 3108; baseline 0.002 -1"><span class='ocrx_word' id='word_1_639' title='bbox 393 3077 541 3107; x_wconf 82' lang='lat' dir='ltr'><strong>JOANNIS</strong></span> <span class='ocrx_word' id='word_1_640' title='bbox 561 3079 645 3108; x_wconf 85' lang='lat' dir='ltr'><strong>xxn.</strong></span> <span class='ocrx_word' id='word_1_641' title='bbox 667 3095 697 3100; x_wconf 92' lang='lat'>-</span> <span class='ocrx_word' id='word_1_642' title='bbox 718 3080 749 3107; x_wconf 77' lang='lat' dir='ltr'><strong>r.</strong></span> <span class='ocrx_word' id='word_1_643' title='bbox 771 3080 806 3107; x_wconf 87' lang='lat'>11.</span> <span class='ocrx_word' id='word_1_644' title='bbox 2090 3073 2124 3101; x_wconf 80' lang='lat'><strong>53</strong></span> 
     </span>
    </p>
   </div>
  </div>
 </body>
</html>
