2592 3562
372 339 433 370 420

406 427 509 454 Datum
529 421 712 456 Avenione.

448 529 486 557 31
501 529 559 564 jul.
581 528 667 556 1319.

457 576 491 609 (11
507 573 566 602 kal.
585 575 664 610 aug.)

465 619 495 647 T.
515 618 563 652 XI,
583 617 656 646 XIII.

517 903 555 930 Ut
571 911 595 930 s.

466 948 497 977 T.
517 947 563 980 XI,
581 946 653 974 XIII.

519 1168 555 1196 Ut
571 1176 595 1195 s.

463 1213 493 1240 T.
510 1213 582 1247 xm,
598 1212 659 1240 xv.

525 1541 561 1569 Ut
573 1549 598 1569 s.

408 1650 422 1676 1
442 1648 527 1684 (kal.)
543 1656 610 1683 (ηις.
625 1647 713 1676 1319.

506 1693 536 1720 Τ.
551 1692 605 1719 XL.

516 1808 552 1837 Ut
576 1817 600 1836 s.

462 1854 492 1881 T.
507 1854 567 1888 XII,
584 1854 654 1881 xlv.

520 2344 555 2372 Ut
572 2353 596 2372 s.

497 2389 527 2416 T.
549 2389 620 2416 VIII.

519 2718 556 2745 Ut
576 2726 599 2745 s.

494 2763 524 2790 T.
541 2762 622 2790 XXX.

519 2824 556 2853 Ut
576 2833 600 2853 s.

507 2870 538 2897 T.
557 2870 613 2897 XX.

780 335 954 367 JOANNIS
976 336 1095 367 PAPAE
1116 335 1219 367 XXII.
1243 338 1491 376 (1318-1334).
1513 355 1552 361 -
1575 336 1762 368 LITTERAE
1785 307 2010 368 cffiMMUNES

844 525 955 557 9866.
972 546 1010 551 -
1029 527 1154 558 Hectori
1176 531 1247 558 nato
1265 527 1378 569 quand.
1395 527 1566 559 Franckini
1590 527 1627 559 de
1648 527 1751 558 Flisco
1774 528 1884 568 gratia
1899 535 1995 568 exsp.
2013 527 2125 559 benef.
2146 535 2175 559 c.
2191 535 2220 559 c.
2241 527 2296 560 vel
2308 535 2337 559 s.
2354 536 2396 563 0.,

801 581 937 613 etiamsi
965 580 1068 621 dign.‚
1085 581 1138 612 vel
1159 580 1214 612 off.
1235 582 1294 612 aut
1308 583 1511 622 personatus
1529 581 1655 613 existat
1676 581 1718 613 ad
1739 581 1808 621 ep.i
1830 580 2062 613 constantien.
2085 580 2121 612 in
2144 580 2326 613 Alamania
2341 580 2397 613 vel

800 635 1042 674 quuscumque
1071 633 1184 665 collat.
1214 634 1337 674 pertin.
1365 634 1401 666 in
1428 634 1521 667 civit.
1549 634 1604 666 vel
1633 634 1679 665 di.
1699 633 1949 672 Constantien.;
1966 643 2033 666 non
2053 633 2140 666 obst.
2170 634 2207 665 in
2226 634 2342 666 Pisau.
2364 634 2399 666 et

800 697 828 720 s.
845 688 970 719 Aniani
987 687 1206 719 Aurelianen.
1222 689 1384 720 canomet
1392 687 1509 728 praeb.,
1522 688 1600 719 etin
1615 686 1839 719 saresbirien.
1856 687 1938 719 eccl.
1954 696 2072 719 canon.
2085 687 2150 719 sub
2160 695 2258 728 exsp.
2274 686 2399 728 proeb.;

800 741 955 781 sequitur
982 740 1134 780 dispens.
1154 749 1257 781 super
1284 741 1417 774 defectu
1444 741 1556 772 aetatis
1582 741 1638 780 (22
1654 741 1711 780 a.).
1730 758 1769 764 —
1783 741 1811 772 Ι.
1829 749 1860 772 0.
1876 749 1922 772 m.
1939 739 2016 772 abb.
2036 742 2183 772 monast.
2201 741 2237 772 in
2259 740 2397 776 Turoni,

799 794 1031 826 Constantien.
1050 794 1109 830 di.,
1126 795 1159 826 et
1185 793 1309 826 decano
1338 794 1584 832 constantien„
1611 802 1648 825 ac
1675 793 1801 825 Jacobo
1818 793 1859 825 de
1886 793 2046 832 sarzana,
2065 802 2138 826 can.
2155 795 2286 826 Lunen.
2316 793 2398 826 eccl.

799 848 852 888 (A.
871 838 958 884 12‚'f.
975 848 1036 879 439
1051 853 1079 884 a;
1103 847 1135 878 V.
1149 849 1201 884 69,
1217 856 1270 888 ep.
1289 849 1393 887 1450.)

843 898 954 930 9867.
973 918 1013 923 ——
1028 901 1149 933 Collat.
1166 909 1284 933 canon.
1304 901 1368 932 sub
1383 909 1478 940 exsp.
1500 899 1602 940 praeb.
1623 900 1704 931 eccl.
1719 900 1941 938 Rothnacen.,
1958 900 2173 932 Cameracen-
2189 900 2250 937 di..
2267 899 2397 932 consid.

799 954 938 986 Meliadi
965 954 1112 995 Salvagi,
1137 954 1202 995 leg.
1221 954 1278 992 D.,
1305 953 1552 986 ambaxiatoris
1575 953 1767 984 communis
1790 953 1920 992 Januae,
1945 952 2030 984 Sado
2047 953 2400 995 Salvayqo30assatur

800 1008 908 1048 gratia
932 1008 1059 1039 similis
1077 1008 1112 1039 in
1134 1008 1215 1039 eccl.
1233 1008 1376 1040 Januen.
1397 1025 1435 1029 —
1454 1008 1481 1038 Ι.
1500 1015 1530 1038 e.
1547 1015 1592 1038 m.
1612 1015 1640 1037 s.
1663 1006 1805 1038 Auberti
1821 1008 1855 1038 et
1873 1015 1902 1038 s.
1919 1006 2075 1047 Sepulcri
2098 1007 2313 1039 cameracen.
2330 1015 2402 1039 mo-

800 1063 888 1093 nast.
917 1061 1007 1097 abb„
1038 1070 1076 1093 ac
1102 1070 1191 1102 mag.
1209 1061 1457 1094 Bartholomaeo
1488 1060 1529 1091 de
1549 1059 1668 1100 Regio,
1697 1068 1771 1091 can.
1803 1060 1948 1092 Januen.
1979 1059 2032 1101 (A.
2054 1061 2103 1098 12,
2121 1059 2143 1092 f.
2160 1059 2269 1098 254b3
2292 1060 2330 1092 V.
2346 1061 2401 1099 69,

800 1124 853 1156 ep.
871 1115 975 1155 1478.)
1538 1134 1541 1137 »

845 1165 957 1198 9888.
974 1185 1012 1190 --
1026 1168 1142 1199 Joanni
1154 1172 1227 1199 nato
1240 1167 1405 1199 Meliaduci
1419 1166 1570 1208 Salvayqi
1584 1166 1620 1197 de
1631 1166 1746 1205 Janua,
1763 1166 1894 1199 consid.
1909 1166 2051 1200 Roherti
2068 1166 2160 1208 regis
2175 1166 2314 1204 Siciliae,
2327 1174 2403 1208 gn·

801 1222 848 1254 tia
861 1230 957 1262 exsp.
981 1221 1092 1254 benef.
1109 1230 1138 1253 c.
1158 1230 1185 1253 0.
1203 1221 1258 1253 vel
1281 1230 1309 1252 s.
1327 1230 1371 1259 c.,
1385 1221 1488 1252 etiam
1504 1220 1536 1252 si
1558 1220 1663 1260 dign.‚
1680 1220 1735 1252 vel
1749 1221 1953 1260 personatus
1968 1221 2027 1252 aut
2045 1221 2100 1252 off.
2118 1220 2257 1256 existat,
2275 1220 2319 1252 ad
2331 1219 2402 1261 ep.i

800 1275 961 1307 Leodien.
978 1275 1033 1306 vel
1059 1275 1303 1315 quuscumque
1319 1274 1432 1305 collat.
1458 1274 1582 1314 pertin.
1600 1274 1635 1305 in
1650 1273 1742 1306 civit.
1759 1273 1815 1305 vel
1829 1273 1876 1305 di.
1891 1273 2071 1310 Leodien.;
2089 1282 2157 1305 non
2173 1273 2260 1305 obst.
2277 1273 2313 1306 in
2325 1272 2403 1306 Vir·

801 1329 925 1360 dunen.
951 1337 1071 1360 canon.
1096 1330 1129 1360 et
1146 1327 1263 1368 praeb.,
1289 1329 1321 1359 et
1341 1327 1377 1358 in
1400 1327 1629 1359 Lichefelden.
1646 1327 1728 1359 eccl.
1752 1336 1870 1359 canon.
1892 1326 1956 1359 sub
1978 1336 2073 1368 exsp.
2097 1326 2219 1367 praeb.;
2245 1326 2403 1368 sequitur

801 1382 953 1422 dispens.
967 1391 1070 1422 super
1085 1382 1218 1413 defectu
1231 1381 1268 1412 in
1281 1380 1458 1412 ordinibus
1474 1382 1508 1412 et
1525 1381 1635 1413 aetatis
1652 1382 1703 1420 (23
1714 1382 1759 1420 a.)
1774 1399 1813 1404 —
1827 1381 1853 1412 Ι.
1868 1389 1897 1412 e.
1915 1389 1960 1412 m.
1979 1380 2056 1412 abb.
2074 1383 2222 1412 monast.
2238 1389 2267 1412 s.
2283 1378 2403 1412 Jaoohi

801 1437 834 1468 et
856 1436 982 1467 decano
1009 1436 1089 1467 eccl.
1109 1444 1136 1466 s.
1155 1434 1394 1467 Bartholomaei
1415 1433 1590 1472 Leodien.,
1613 1443 1651 1467 ac
1673 1443 1761 1475 mag.
1785 1434 2034 1466 Bartholomaeo
2048 1434 2090 1467 de
2113 1433 2233 1475 Regio,
2255 1441 2329 1466 can.
2345 1432 2403 1466 Ja-

802 1498 901 1521 nuen.
917 1489 971 1530 (A.
987 1491 1035 1525 12,
1053 1488 1077 1520 f.
1097 1490 1156 1521 293
1174 1488 1204 1526 1’3
1229 1487 1261 1519 V.
1277 1489 1329 1526 69,
1347 1496 1399 1527 ep.
1419 1487 1522 1527 1499.)

845 1540 957 1571 9869.
975 1561 1013 1565 -
1026 1541 1167 1573 Arnaldo
1184 1551 1251 1582 ep.o
1266 1540 1420 1572 Albanen.
1441 1541 1542 1573 facul.
1560 1540 1765 1572 concedendi
1779 1540 2023 1573 tabellionatus
2033 1541 2088 1573 off.
2106 1549 2139 1572 iv
2147 1549 2238 1581 pers.
2255 1539 2400 1573 idoneis.

802 1596 854 1637 (V.
870 1598 921 1634 69,
939 1605 992 1636 ep.
1014 1594 1117 1634 1543.)

845 1647 957 1678 9870.
978 1667 1017 1672 —
1034 1649 1216 1679 Aurasicen.
1235 1652 1264 1679 et
1281 1648 1425 1689 Aquilen.
1443 1649 1518 1689 epa}
1537 1657 1573 1678 ac
1594 1647 1687 1679 abbas
1702 1652 1832 1679 monast.
1849 1658 1875 1678 s.
1890 1647 1986 1678 Pauli
2003 1647 2046 1678 de
2063 1647 2144 1679 Urbe
2161 1647 2286 1679 dantur
2298 1647 2338 1679 ut
2349 1646 2404 1688 ju·

802 1703 895 1734 dices
913 1704 1170 1734 conservatores
1192 1701 1392 1742 praeceptori
1414 1702 1447 1733 et
1473 1701 1637 1733 fratribus
1652 1701 1834 1743 hospitalis
1849 1703 1958 1742 apost.
1974 1710 2002 1733 s.
2021 1700 2171 1742 Spiritus
2185 1701 2223 1732 iu
2241 1700 2346 1732 Saxis
2360 1699 2403 1733 de

802 1756 904 1788 Urbe.
924 1757 976 1794 (A.
996 1757 1043 1792 12,
1061 1755 1084 1786 f.
1102 1757 1160 1787 175
1173 1761 1206 1793 ει;
1234 1754 1266 1786 V.
1283 1757 1334 1792 69,
1351 1764 1403 1795 ep.
1422 1756 1526 1794 1011.)

845 1807 957 1839 9871.
974 1828 1012 1833 -
1037 1808 1192 1840 Universis
1207 1809 1360 1849 fratribus
1379 1808 1414 1840 0.
1437 1808 1476 1839 P.
1498 1809 1667 1850 provinciae
1688 1808 1847 1840 Saxoniae.
1874 1808 2012 1840 Dudum
2042 1807 2112 1840 ΡΡ.
2129 1806 2336 1848 Berengario
2350 1815 2404 1839 ar·

803 1863 934 1903 chIep.o
952 1862 1240 1902 Compostellano,
1265 1864 1345 1894 tunc
1361 1871 1448 1902 mag.
1473 1862 1624 1902 generali
1648 1862 1729 1893 dicti
1747 1862 1832 1900 ord„
1861 1861 2004 1893 indulsit
2029 1862 2067 1893 ut
2082 1861 2119 1893 in
2142 1860 2404 1902 quibuscunque

800 1917 957 1957 partibus
974 1918 1015 1948 20
1031 1916 1106 1948 loca
1120 1916 1163 1947 ad
1189 1925 1275 1956 opus
1292 1916 1401 1956 eJusd.
1420 1915 1491 1947 ord.
1509 1915 1550 1948 de
1578 1925 1666 1948 novo
1681 1916 1832 1956 recipere
1848 1917 1982 1956 posset3
2003 1916 2118 1947 tamen
2144 1914 2254 1947 adhuc
2268 1922 2336 1946 non
2350 1915 2404 1947 est

800 1971 911 2002 dictus
926 1978 1091 2001 numerus
1112 1970 1331 2010 adimpletus.
1348 1970 1460 2006 Quare
1480 1978 1570 2000 nunc
1587 1969 1782 2001 conceditur
1806 1969 1857 2001 eis
1876 1970 2028 2009 potestas
2051 1968 2142 2009 quod
2165 1968 2203 2000 in
2225 1967 2310 2000 villa
2328 1971 2404 2008 quoe

800 2024 985 2056 Tromonia
1005 2023 1191 2064 vulgariter
1208 2025 1433 2063 nuncupatur,
1453 2022 1627 2054 Colonien.
1645 2023 1705 2061 di.,
1722 2022 1855 2063 possint
1873 2022 1985 2054 locum
2009 2021 2146 2060 habere,
2165 2021 2324 2062 quodque
2339 2020 2404 2054 hu·

795 2077 948 2118 jusmodi
964 2077 1060 2108 locus
1089 2077 1184 2109 cedat
1205 2077 1240 2108 in
1265 2085 1371 2108 unum
1398 2077 1510 2108 locum
1530 2076 1664 2108 numeri
1690 2076 1890 2117 supradicti.
1908 2092 1946 2098 —
1962 2076 1989 2107 I.
2007 2083 2038 2107 e.
2057 2083 2104 2107 m.
2119 2075 2291 2116 archiep.o
2306 2073 2402 2107 Colo·

799 2131 892 2163 nien.
913 2131 968 2162 cui
993 2131 1219 2162 committitur
1242 2131 1279 2161 ut
1295 2130 1476 2170 praedictos
1492 2130 1616 2161 fratres
1631 2138 1698 2161 non
1711 2129 1887 2170 permittat
1905 2129 2081 2161 molestari
2097 2137 2202 2170 super
2217 2128 2280 2160 hoc
2296 2137 2317 2160 a
2330 2127 2403 2170 ple·

800 2184 888 2216 bano
907 2184 988 2216 eccl.
1004 2184 1102 2216 dictae
1115 2184 1205 2215 villae
1219 2184 1278 2224 qui
1295 2192 1354 2215 eos
1372 2183 1495 2215 exinde
1515 2183 1659 2223 expulit,
1678 2192 1757 2215 nam
1774 2183 1854 2215 licet
1868 2182 1956 2215 alias
1973 2182 2008 2214 in
2026 2191 2067 2214 ea
2086 2181 2273 2223 recipiendi
2289 2181 2404 2214 locum

799 2238 833 2269 S.
857 2239 899 2269 A.
919 2237 970 2269 eis
992 2238 1187 2273 indulserit,
1205 2238 1245 2269 de
1266 2246 1411 2269 assensu
1428 2237 1609 2268 diaecesani
1629 2237 1730 2268 fidem
1753 2238 1866 2268 tamen
1887 2236 1999 2268 facere
2019 2235 2258 2277 nequiverunt.
2278 2235 2401 2275 (4.12,

801 2291 824 2322 f.
843 2292 902 2322 212
917 2296 946 2327 ³²3
971 2290 1002 2321 V.
1019 2293 1070 2328 69,
1088 2300 1141 2330 ep.
1160 2292 1264 2330 1233.)

844 2342 956 2373 9872.
980 2362 1019 2367 -
1034 2344 1070 2375 S.
1089 2344 1183 2375 Pauli
1199 2349 1227 2375 et
1246 2354 1270 2376 s.
1289 2344 1388 2374 Blasii
1402 2344 1436 2374 in
1451 2343 1673 2385 Cantusequica
1685 2343 1723 2375 de
1741 2343 1821 2374 Urbe
1834 2348 1967 2374 monast.
1987 2342 2070 2380 abb..
2086 2352 2122 2374 ac
2137 2343 2251 2374 rectori
2261 2343 2294 2373 in
2307 2342 2404 2384 spiri·

802 2397 935 2428 tualibus
950 2398 1057 2429 Massae
1078 2397 1232 2428 Trabariae
1247 2398 1360 2429 mand.
1375 2399 1413 2430 ut
1429 2398 1684 2434 universitates,
1701 2397 1963 2429 communitates
1980 2398 2013 2429 et
2031 2396 2226 2437 singulares
2239 2404 2404 2437 personas

802 2451 985 2491 provinciae
1009 2452 1131 2483 Massae
1149 2451 1321 2483 Trabariae
1345 2451 1553 2492 compellant
1572 2454 1622 2488 ut,
1640 2451 1740 2491 prout
1755 2460 1797 2483 ex
1812 2451 1954 2491 antiqua
1969 2450 2216 2482 consuetudine
2231 2451 2402 2486 tenentur,

800 2505 917 2537 trabes
934 2504 1101 2536 abietivas
1115 2513 1176 2544 pro
1194 2505 1348 2537 aedificiis
1363 2507 1396 2536 et
1410 2505 1623 2544 reparatione
1640 2505 1805 2536 tectorum
1821 2503 1973 2536 basilicae
1987 2503 2154 2544 principis
2170 2503 2404 2544 apostolorum

801 2559 842 2590 de
861 2558 964 2596 Urbe,
990 2558 1025 2589 in
1047 2558 1146 2589 silvis
1164 2558 1237 2589 suis
1255 2558 1401 2598 Alpibus
1421 2559 1543 2590 Massae
1566 2558 1734 2598 praedictae
1751 2557 1901 2589 incidant
1919 2559 1952 2589 et
1967 2565 2078 2600 usque
2095 2557 2138 2589 ad
2150 2558 2241 2589 certa
2255 2557 2331 2589 loca
2344 2556 2403 2590 de-

802 2611 925 2649 ferant,
943 2611 1077 2652 quoties
1095 2612 1192 2643 dictae
1208 2611 1360 2643 basilicae
1378 2612 1539 2652 expedire
1554 2611 1784 2652 cognoverint.
1808 2611 1863 2651 (A.
1880 2612 1930 2648 12,
1946 2610 1968 2641 f.
1984 2611 2045 2643 260
2064 2610 2078 2632 ¹²
2087 2620 2097 2647 3
2120 2609 2153 2641 V.
2167 2611 2217 2648 69,
2233 2619 2285 2651 ep.
2305 2611 2400 2648 12663

802 2665 960 2703 Theiner,
977 2664 1081 2696 Codex
1096 2664 1324 2706 diplomaticus,
1339 2667 1364 2696 i.
1382 2666 1408 2703 Ι,
1423 2674 1456 2705 p.
1471 2666 1542 2702 489,
1559 2665 1633 2697 doc.
1649 2664 1861 2706 DCXLVII.)

847 2716 959 2748 9873.
975 2736 1014 2741 —
1035 2718 1244 2756 Suessiouen„
1262 2718 1467 2750 Catalaunen.
1492 2729 1527 2749 ac
1544 2718 1695 2749 Morinen.
1711 2718 1777 2759 ep.i
1798 2718 1922 2749 dantur
1936 2719 1974 2749 ut
1992 2717 2128 2758 judices
2147 2718 2403 2750 conservatores

803 2772 929 2804 decano
946 2773 979 2803 et
994 2772 1094 2812 capit.
1113 2772 1194 2803 eccl.
1211 2772 1397 2804 Tornacen.
1415 2773 1468 2812 (A.
1486 2774 1535 2810 12,
1550 2772 1572 2804 f.
1592 2774 1651 2804 269
1666 2777 1680 2793 ²
1690 2782 1699 2809 3
1719 2771 1755 2804 V.
1771 2773 1823 2810 69,
1841 2780 1893 2812 ep.
1913 2772 2016 2810 1270.)

847 2822 958 2855 9874.
977 2845 1016 2849 -
1037 2825 1143 2856 Priori
1165 2825 1304 2865 qenerali
1324 2831 1352 2856 et
1374 2825 1600 2867 diffinitoribus
1621 2826 1717 2867 capit.
1742 2824 1896 2866 qeneralis
1924 2824 1993 2856 ord.
2018 2821 2263 2855 leliscolarium
2282 2824 2402 2856 confir-

803 2879 908 2911 matio
922 2879 1043 2911 statuti
1058 2887 1118 2919 per
1136 2887 1194 2910 eos
1213 2879 1305 2916 faeti,
1323 2888 1384 2919 per
1404 2880 1494 2919 quod
1517 2889 1563 2910 xn
1582 2879 1706 2911 fratres
1721 2879 1804 2911 dicti
1821 2879 1893 2910 ord.
1909 2887 1930 2910 a
1943 2878 2045 2910 dictis
2062 2878 2309 2910 diffinitoribus
2323 2879 2404 2910 sunt

803 2933 950 2973 eligendi
965 2934 998 2964 et
1016 2932 1172 2964 mittendi
1188 2933 1230 2963 ad
1245 2932 1397 2964 studium
1415 2933 1608 2973 Theologiae
1624 2933 1656 2963 in
1671 2933 1770 2964 domo
1784 2941 1902 2964 eorum
1919 2932 2101 2970 Parisien„
2115 2931 2159 2963 ad
2175 2931 2236 2963 hoc
2249 2931 2405 2972 speciali-

801 2987 853 3018 ter
872 2987 1042 3026 deputata.
1063 2986 1115 3025 (A.
1137 2987 1185 3023 12,
1201 2985 1223 3017 f.
1240 2987 1299 3018 233
1315 2991 1328 3007 ²¹
1337 2996 1347 3023 ς
1369 2985 1403 3017 V.
1421 2988 1472 3024 69,
1492 2995 1544 3026 ep.
1562 2987 1658 3023 12793
1671 2986 1815 3022 Denifle‚
1831 2984 2061 3017 Char-talariam
2080 2985 2219 3016 Univers.
2234 2985 2402 3023 Par-istem,

801 3040 825 3070 t.
843 3039 886 3078 II,
905 3048 938 3079 p.
955 3041 1025 3077 234,
1046 3048 1078 3070 n.
1097 3040 1181 3078 782.)
